
@article{lin2018cost,

	title={Cost-efficient deployment of fog computing systems at logistics centers in industry 4.0},

	author={Lin, Chun-Cheng and Yang, Jhih-Wun},

	journal={IEEE Transactions on Industrial Informatics},

	volume={14},

	number={10},

	pages={4603--4611},

	year={2018},

	publisher={IEEE}

} %1

@inproceedings{yu2020taac,
	title={TAAC: Task allocation meets approximate computing for Internet of Things},
	author={Yu, Wanli and Najafi, Ardalan and Nevarez, Yarib and Huang, Yanqiu and Garcia-Ortiz, Alberto},
	booktitle={2020 IEEE International Symposium on Circuits and Systems (ISCAS)},
	pages={1--5},
	year={2020},
	organization={IEEE}
}

@article{georgakopoulos2016internet,

	title={Internet of Things and edge cloud computing roadmap for manufacturing},

	author={Georgakopoulos, Dimitrios and Jayaraman, Prem Prakash and Fazia, Maria and Villari, Massimo and Ranjan, Rajiv},

	journal={IEEE Cloud Computing},

	volume={3},

	number={4},

	pages={66--73},

	year={2016},

	publisher={IEEE}

} %2



@article{sisinni2018industrial,

	title={Industrial internet of things: Challenges, opportunities, and directions},

	author={Sisinni, Emiliano and Saifullah, Abusayeed and Han, Song and Jennehag, Ulf and Gidlund, Mikael},

	journal={IEEE Transactions on Industrial Informatics},

	volume={14},

	number={11},

	pages={4724--4734},

	year={2018},

	publisher={IEEE}

} %3



@article{de2018application,

	title={Application of the fog computing paradigm to smart factories and cyber-physical systems},

	author={de Brito, Mathias Santos and Hoque, Saiful and Steinke, Ronald and Willner, Alexander and Magedanz, Thomas},

	journal={Transactions on Emerging Telecommunications Technologies},

	volume={29},

	number={4},

	pages={e3184},

	year={2018},

	publisher={Wiley Online Library}

} %4



@inproceedings{aakerberg2011future,

	title={Future research challenges in wireless sensor and actuator networks targeting industrial automation},

	author={{\AA}kerberg, Johan and Gidlund, Mikael and Bj{\"o}rkman, Mats},

	booktitle={2011 9th IEEE International Conference on Industrial Informatics},

	pages={410--415},

	year={2011},

	organization={IEEE}

} %5



@article{lin2015industrial,

	title={Industrial internet reference architecture},

	author={Lin, Shi-Wan and Miller, Bradford and Durand, Jacques and Joshi, Rajive and Didier, Paul and Chigani, Amine and Torenbeek, Reinier and Duggal, David and Martin, Robert and Bleakley, Graham and others},

	journal={Industrial Internet Consortium (IIC), Tech. Rep},

	year={2015}

} %6



@inproceedings{aazam2014cloud,

	title={Cloud of Things: Integrating Internet of Things and cloud computing and the issues involved},

	author={Aazam, Mohammad and Khan, Imran and Alsaffar, Aymen Abdullah and Huh, Eui-Nam},

	booktitle={Proceedings of 2014 11th International Bhurban Conference on Applied Sciences \& Technology (IBCAST) Islamabad, Pakistan, 14th-18th January, 2014},

	pages={414--419},

	year={2014},

	organization={IEEE}

} %7



@inproceedings{bonomi2012fog,

	title={Fog computing and its role in the internet of things},

	author={Bonomi, Flavio and Milito, Rodolfo and Zhu, Jiang and Addepalli, Sateesh},

	booktitle={Proceedings of the first edition of the MCC workshop on Mobile cloud computing},

	pages={13--16},

	year={2012}

} %8



@article{cisco2015fog,

	title={Fog computing and the Internet of Things: extend the cloud to where the things are},

	author={Cisco, ??????},

	journal={??????????? ??????]. URL: https://www. cisco. com/c/dam/en\_us/solutions/trends/iot/docs/computing-overview. pdf.(???? ?????????: 10.03. 2019)},

	year={2015}

} %9



@article{wang2016dlau,

	title={DLAU: A scalable deep learning accelerator unit on FPGA},

	author={Wang, Chao and Gong, Lei and Yu, Qi and Li, Xi and Xie, Yuan and Zhou, Xuehai},

	journal={IEEE Transactions on Computer-Aided Design of Integrated Circuits and Systems},

	volume={36},

	number={3},

	pages={513--517},

	year={2016},

	publisher={IEEE}

} %10



@article{venkateshan2014hybrid,

	title={Hybrid working set algorithm for SVM learning with a kernel coprocessor on FPGA},

	author={Venkateshan, Sriram and Patel, Alap and Varghese, Kuruvilla},

	journal={IEEE Transactions on Very Large Scale Integration (VLSI) Systems},

	volume={23},

	number={10},

	pages={2221--2232},

	year={2014},

	publisher={IEEE}

} %11



@article{kim2017deepx,

	title={DeepX: Deep learning accelerator for restricted boltzmann machine artificial neural networks},

	author={Kim, Lok-Won},

	journal={IEEE transactions on neural networks and learning systems},

	volume={29},

	number={5},

	pages={1441--1453},

	year={2017},

	publisher={IEEE}

} %12



@article{ragusa2018digital,

	title={A digital implementation of extreme learning machines for resource-constrained devices},

	author={Ragusa, Edoardo and Gianoglio, Christian and Gastaldo, Paolo and Zunino, Rodolfo},

	journal={IEEE Transactions on Circuits and Systems II: Express Briefs},

	volume={65},

	number={8},

	pages={1104--1108},

	year={2018},

	publisher={IEEE}

} %13



@article{chung2018simplifying,

	title={Simplifying deep neural networks for FPGA-like neuromorphic systems},

	author={Chung, Jaeyong and Shin, Taehwan and Yang, Joon-Sung},

	journal={IEEE Transactions on Computer-Aided Design of Integrated Circuits and Systems},

	volume={38},

	number={11},

	pages={2032--2042},

	year={2018},

	publisher={IEEE}

} %14



@article{da2014internet,

	title={Internet of things in industries: A survey},

	author={Da Xu, Li and He, Wu and Li, Shancang},

	journal={IEEE Transactions on industrial informatics},

	volume={10},

	number={4},

	pages={2233--2243},

	year={2014},

	publisher={IEEE}

} %15



@article{chiang2016fog,

	title={Fog and IoT: An overview of research opportunities},

	author={Chiang, Mung and Zhang, Tao},

	journal={IEEE Internet of things journal},

	volume={3},

	number={6},

	pages={854--864},

	year={2016},

	publisher={IEEE}

} %16



@article{willner2015open,

	title={The open-multinet upper ontology towards the semantic-based management of federated infrastructures},

	author={Willner, Alexander and Papagianni, Chrysa and Giatili, Mary and Grosso, Paola and Morsey, Mohamed and Al-Hazmi, Yahya and Baldin, Ilya},

	journal={EAI Endorsed Transactions on Scalable Information Systems},

	volume={2},

	number={7},

	year={2015},

	publisher={European Alliance for Innovation (EAI)}

} %17



@inproceedings{jain2002challenges,

	title={Challenges: environmental design for pervasive computing systems},

	author={Jain, Ravi and Wullert, John},

	booktitle={Proceedings of the 8th annual international conference on Mobile computing and networking},

	pages={263--270},

	year={2002}

} %18



@inproceedings{jouppi2017datacenter,

	title={In-datacenter performance analysis of a tensor processing unit},

	author={Jouppi, Norman P and Young, Cliff and Patil, Nishant and Patterson, David and Agrawal, Gaurav and Bajwa, Raminder and Bates, Sarah and Bhatia, Suresh and Boden, Nan and Borchers, Al and others},

	booktitle={Proceedings of the 44th annual international symposium on computer architecture},

	pages={1--12},

	year={2017}

}



@article{amrouch2020npu,

	title={NPU Thermal Management},

	author={Amrouch, Hussam and Zervakis, Georgios and Salamin, Sami and Kattan, Hammam and Anagnostopoulos, Iraklis and Henkel, J{\"o}rg},

	journal={IEEE Transactions on Computer-Aided Design of Integrated Circuits and Systems},

	volume={39},

	number={11},

	pages={3842--3855},

	year={2020},

	publisher={IEEE}

}



@inproceedings{miao2012modeling,

	title={Modeling and synthesis of quality-energy optimal approximate adders},

	author={Miao, Jin and He, Ku and Gerstlauer, Andreas and Orshansky, Michael},

	booktitle={Proceedings of the International Conference on Computer-Aided Design},

	pages={728--735},

	year={2012}

}



@inproceedings{shafique2015low,

	title={A low latency generic accuracy configurable adder},

	author={Shafique, Muhammad and Ahmad, Waqas and Hafiz, Rehan and Henkel, J{\"o}rg},

	booktitle={2015 52nd ACM/EDAC/IEEE Design Automation Conference (DAC)},

	pages={1--6},

	year={2015},

	organization={IEEE}

}



@article{zervakis2019vader,

	title={VADER: Voltage-driven netlist pruning for cross-layer approximate arithmetic circuits},

	author={Zervakis, Georgios and Koliogeorgi, Konstantina and Anagnostos, Dimitrios and Zompakis, Nikolaos and Siozios, Kostas},

	journal={IEEE Transactions on Very Large Scale Integration (VLSI) Systems},

	volume={27},

	number={6},

	pages={1460--1464},

	year={2019},

	publisher={IEEE}

}



@article{saadat2018minimally,

	title={Minimally biased multipliers for approximate integer and floating-point multiplication},

	author={Saadat, Hassaan and Bokhari, Haseeb and Parameswaran, Sri},

	journal={IEEE Transactions on Computer-Aided Design of Integrated Circuits and Systems},

	volume={37},

	number={11},

	pages={2623--2635},

	year={2018},

	publisher={IEEE}

}



@article{sarwar2018energy,

	title={Energy-efficient neural computing with approximate multipliers},

	author={Sarwar, Syed Shakib and Venkataramani, Swagath and Ankit, Aayush and Raghunathan, Anand and Roy, Kaushik},

	journal={ACM Journal on Emerging Technologies in Computing Systems (JETC)},

	volume={14},

	number={2},

	pages={1--23},

	year={2018},

	publisher={ACM New York, NY, USA}

}



@article{tasoulas2020weight,

	title={Weight-oriented approximation for energy-efficient neural network inference accelerators},

	author={Tasoulas, Zois-Gerasimos and Zervakis, Georgios and Anagnostopoulos, Iraklis and Amrouch, Hussam and Henkel, J{\"o}rg},

	journal={IEEE Transactions on Circuits and Systems I: Regular Papers},

	volume={67},

	number={12},

	pages={4670--4683},

	year={2020},

	publisher={IEEE}

}



@article{zervakis2018multi,

	title={Multi-level approximate accelerator synthesis under voltage island constraints},

	author={Zervakis, Georgios and Xydis, Sotirios and Soudris, Dimitrios and Pekmestzi, Kiamal},

	journal={IEEE Transactions on Circuits and Systems II: Express Briefs},

	volume={66},

	number={4},

	pages={607--611},

	year={2018},

	publisher={IEEE}

}



@inproceedings{lee2017high,

	title={High-level synthesis of approximate hardware under joint precision and voltage scaling},

	author={Lee, Seogoo and John, Lizy K and Gerstlauer, Andreas},

	booktitle={Design, Automation \& Test in Europe Conference \& Exhibition (DATE), 2017},

	pages={187--192},

	year={2017},

	organization={IEEE}

}



@inproceedings{han2013approximate,

	title={Approximate computing: An emerging paradigm for energy-efficient design},

	author={Han, Jie and Orshansky, Michael},

	booktitle={2013 18th IEEE European Test Symposium (ETS)},

	pages={1--6},

	year={2013},

	organization={IEEE}

}



@inproceedings{zervakis2021approximate,

	title={Approximate Computing for ML: State-of-the-art, Challenges and Visions},

	author={Zervakis, Georgios and Saadat, Hassaan and Amrouch, Hussam and Gerstlauer, Andreas and Parameswaran, Sri and Henkel, J{\"o}rg},

	booktitle={Proceedings of the 26th Asia and South Pacific Design Automation Conference},

	pages={189--196},

	year={2021}

}



@inproceedings{carter2010design,

	title={Design techniques for cross-layer resilience},

	author={Carter, Nicholas P and Naeimi, Helia and Gardner, Donald S},

	booktitle={2010 Design, Automation \& Test in Europe Conference \& Exhibition (DATE 2010)},

	pages={1023--1028},

	year={2010},

	organization={IEEE}

}



@inproceedings{schorn2019efficient,

	title={An efficient bit-flip resilience optimization method for deep neural networks},

	author={Schorn, Christoph and Guntoro, Andre and Ascheid, Gerd},

	booktitle={2019 Design, Automation \& Test in Europe Conference \& Exhibition (DATE)},

	pages={1507--1512},

	year={2019},

	organization={IEEE}

}



@inproceedings{li2017understanding,

	title={Understanding error propagation in deep learning neural network (DNN) accelerators and applications},

	author={Li, Guanpeng and Hari, Siva Kumar Sastry and Sullivan, Michael and Tsai, Timothy and Pattabiraman, Karthik and Emer, Joel and Keckler, Stephen W},

	booktitle={Proceedings of the International Conference for High Performance Computing, Networking, Storage and Analysis},

	pages={1--12},

	year={2017}

}



@article{schmidhuber2015deep,



	title={Deep learning in neural networks: An overview},



	author={Schmidhuber, J{\"u}rgen},



	journal={Neural networks},



	volume={61},



	pages={85--117},



	year={2015},



	publisher={Elsevier}



}



@InProceedings{Taigman_2014_CVPR,



	author = {Taigman, Yaniv and Yang, Ming and Ranzato, Marc'Aurelio and Wolf, Lior},



	title = {DeepFace: Closing the Gap to Human-Level Performance in Face Verification},



	booktitle = {Proceedings of the IEEE Conference on Computer Vision and Pattern Recognition (CVPR)},



	month = {June},



	year = {2014}



}



@article{abderrahmane2020design,

	title={Design space exploration of hardware spiking neurons for embedded artificial intelligence},

	author={Abderrahmane, Nassim and Lemaire, Edgar and Miramond, Beno{\^\i}t},

	journal={Neural Networks},

	volume={121},

	pages={366--386},

	year={2020},

	publisher={Elsevier}

}



@ARTICLE{Spinnaker_Trans13,



	author={E. {Painkras} and L. A. {Plana} and J. {Garside} and S. {Temple} and F. {Galluppi} and C. {Patterson} and D. R. {Lester} and A. D. {Brown} and S. B. {Furber}},



	journal={IEEE Journal of Solid-State Circuits},



	title={SpiNNaker: A 1-W 18-Core System-on-Chip for Massively-Parallel Neural Network Simulation},



	year={2013},



	volume={48},



	number={8},



	pages={1943-1953},



	doi={10.1109/JSSC.2013.2259038},



	ISSN={1558-173X},



	month={Aug},}



@article{ernst2007efficient,



	title={Efficient computation based on stochastic spikes},



	author={Ernst, Udo and Rotermund, David and Pawelzik, Klaus},



	journal={Neural computation},



	volume={19},



	number={5},



	pages={1313--1343},



	year={2007},



	publisher={MITP},



}





@article{SNN_Survey_Trans19,



	author = {Bouvier, Maxence and Valentian, Alexandre and Mesquida, Thomas and Rummens, Francois and Reyboz, Marina and Vianello, Elisa and Beigne, Edith},



	title = {Spiking Neural Networks Hardware Implementations and Challenges: A Survey},



	year = {2019},



	issue_date = {June 2019},



	publisher = {Association for Computing Machinery},



	address = {New York, NY, USA},



	volume = {15},



	number = {2},



	issn = {1550-4832},



	url = {https://doi.org/10.1145/3304103},



	doi = {10.1145/3304103},



	journal = {J. Emerg. Technol. Comput. Syst.},



	month = apr,



	articleno = {Article 22},



	numpages = {35},



	keywords = {hardware implementation, Neuromorphic computing, spiking, spiking neural networks, neural network, neuromorphic computing, machine learning, event driven, hardware}



}



@article{izhikevich2004model,



	title={Which model to use for cortical spiking neurons?},



	author={Izhikevich, Eugene M},



	journal={IEEE transactions on neural networks},



	volume={15},



	number={5},



	pages={1063--1070},



	year={2004},



	publisher={Ieee}



}





@article{amunts2019human,



	title={The Human Brain Project -- Synergy between neuroscience, computing, informatics, and brain-inspired technologies},



	author={Amunts, Katrin and Knoll, Alois C and Lippert, Thomas and Pennartz, Cyriel MA and Ryvlin, Philippe and Destexhe, Alain and Jirsa, Viktor K and D?Angelo, Egidio and Bjaalie, Jan G},



	journal={PLoS biology},



	volume={17},



	number={7},



	pages={e3000344},



	year={2019},



	publisher={Public Library of Science}



}



@ARTICLE{rotermund2019Backpropagation,  



	AUTHOR={Rotermund, David and Pawelzik, Klaus R.},   	 



	TITLE={Back-Propagation Learning in Deep Spike-By-Spike Networks},      	



	JOURNAL={Frontiers in Computational Neuroscience},      	



	VOLUME={13},      



	PAGES={55},     



	YEAR={2019},      



	DOI={10.3389/fncom.2019.00055},      



	ISSN={1662-5188},   



	

}





@article{ernst2007efficient,



	title={Efficient computation based on stochastic spikes},



	author={Ernst, Udo and Rotermund, David and Pawelzik, Klaus},



	journal={Neural computation},



	volume={19},



	number={5},



	pages={1313--1343},



	year={2007},



	publisher={MITP},



}





@inproceedings {nevarez2020accelerator,



	title={Accelerator Framework of Spike-By-Spike Neural Networks for Inference and Incremental Learning in Embedded Systems},



	author={Nevarez, Yarib and Garcia-Ortiz, Alberto and Rotermund, David and Pawelzik, Klaus R},



	booktitle={2020 9th International Conference on Modern Circuits and Systems Technologies (MOCAST)},



	pages={1--5},



	year={2020},



	organization={IEEE}



}



@article {rotermund2018massively,



	author = {Rotermund, David and Pawelzik, Klaus R.},



	title = {Massively Parallel {FPGA} Hardware for Spike-By-Spike Networks},



	elocation-id = {500280},



	year = {2019},



	doi = {10.1101/500280},



	publisher = {Cold Spring Harbor Laboratory},



	journal = {bioRxiv},



}



@article{roy2019towards,



	title={Towards spike-based machine intelligence with neuromorphic computing},



	author={Roy, Kaushik and Jaiswal, Akhilesh and Panda, Priyadarshini},



	journal={Nature},



	volume={575},



	number={7784},



	pages={607--617},



	year={2019},



	publisher={Nature Publishing Group}



}



@article{bouvier2019spiking,



	title={Spiking neural networks hardware implementations and challenges: A survey},



	author={Bouvier, Maxence and Valentian, Alexandre and Mesquida, Thomas and Rummens, Fran{\c{c}}ois and Reyboz, Marina and Vianello, Elisa and Beigne, Edith},



	journal={ACM Journal on Emerging Technologies in Computing Systems (JETC)},



	volume={15},



	number={2},



	pages={1--35},



	year={2019},



	publisher={ACM New York, NY, USA}



}



@article{young2019review,



	title={A review of spiking neuromorphic hardware communication systems},



	author={Young, Aaron R and Dean, Mark E and Plank, James S and Rose, Garrett S},



	journal={IEEE Access},



	volume={7},



	pages={135606--135620},



	year={2019},



	publisher={IEEE}



}



@ARTICLE{TrueNorth_Trans15,



	author={F. {Akopyan} and J. {Sawada} and A. {Cassidy} and R. {Alvarez-Icaza} and J. {Arthur} and P. {Merolla} and N. {Imam} and Y. {Nakamura} and P. {Datta} and G. {Nam} and B. {Taba} and M. {Beakes} and B. {Brezzo} and J. B. {Kuang} and R. {Manohar} and W. P. {Risk} and B. {Jackson} and D. S. {Modha}},



	journal={IEEE Trans. on Computer-Aided Design of Integrated Circuits and Systems},



	title={TrueNorth: Design and Tool Flow of a 65 mW 1 Million Neuron Programmable Neurosynaptic Chip},



	year={2015},



	volume={34},



	number={10},



	pages={1537-1557},



	ISSN={1937-4151},



	month={Oct},}



@article{davies2018loihi,



	title={Loihi: A neuromorphic manycore processor with on-chip learning},



	author={Davies, Mike and Srinivasa, Narayan and Lin, Tsung-Han and Chinya, Gautham and Cao, Yongqiang and Choday, Sri Harsha and Dimou, Georgios and Joshi, Prasad and Imam, Nabil and Jain, Shweta and others},



	journal={IEEE Micro},



	volume={38},



	number={1},



	pages={82--99},



	year={2018},



	publisher={IEEE}



}



@article {rotermund2019recurrentsbs,



	author = {Rotermund, David and Pawelzik, Klaus R.},



	title = {Biologically plausible learning in a deep recurrent spiking network},



	elocation-id = {613471},



	year = {2019},



	doi = {10.1101/613471},



	publisher = {Cold Spring Harbor Laboratory},



	journal = {bioRxiv},



}





@article{zhang2018survey,



	title={A Survey of Neuromorphic Computing Based on Spiking Neural Networks},



	author={ZHANG, Ming and Zonghua, GU and Gang, PAN},



	journal={Chinese Journal of Electronics},



	volume={27},



	number={4},



	pages={667--674},



	year={2018},



	publisher={IET}



}



@article{lotrivc2012applicability,



	title={Applicability of approximate multipliers in hardware neural networks},



	author={Lotri{\v{c}}, Uro{\v{s}} and Buli{\'c}, Patricio},



	journal={Neurocomputing},



	volume={96},



	pages={57--65},



	year={2012},



	publisher={Elsevier}



}



@inproceedings{sarwar2016multiplier,



	title={Multiplier-less artificial neurons exploiting error resiliency for energy-efficient neural computing},



	author={Sarwar, Syed Shakib and Venkataramani, Swagath and Raghunathan, Anand and Roy, Kaushik},



	booktitle={2016 Design, Automation \& Test in Europe Conference \& Exhibition (DATE)},



	pages={145--150},



	year={2016},



	organization={IEEE}



}





@inproceedings{mrazek2016design,



	title={Design of power-efficient approximate multipliers for approximate artificial neural networks},



	author={Mrazek, Vojtech and Sarwar, Syed Shakib and Sekanina, Lukas and Vasicek, Zdenek and Roy, Kaushik},



	booktitle={Proceedings of the 35th International Conference on Computer-Aided Design},



	pages={1--7},



	year={2016}



}



@inproceedings{du2014leveraging,



	title={Leveraging the error resilience of machine-learning applications for designing highly energy efficient accelerators},



	author={Du, Zidong and Palem, Krishna and Lingamneni, Avinash and Temam, Olivier and Chen, Yunji and Wu, Chengyong},



	booktitle={2014 19th Asia and South Pacific design automation conference (ASP-DAC)},



	pages={201--206},



	year={2014},



	organization={IEEE}



}





@article{park2009dynamic,



	title={Dynamic bit-width adaptation in DCT: An approach to trade off image quality and computation energy},



	author={Park, Jongsun and Choi, Jung Hwan and Roy, Kaushik},



	journal={IEEE transactions on very large scale integration (VLSI) systems},



	volume={18},



	number={5},



	pages={787--793},



	year={2009},



	publisher={IEEE}



}



@inproceedings{gupta2011impact,



	title={IMPACT: imprecise adders for low-power approximate computing},



	author={Gupta, Vaibhav and Mohapatra, Debabrata and Park, Sang Phill and Raghunathan, Anand and Roy, Kaushik},



	booktitle={IEEE/ACM International Symposium on Low Power Electronics and Design},



	pages={409--414},



	year={2011},



	organization={IEEE}



}



@article{mittal2016survey,



	title={A survey of techniques for approximate computing},



	author={Mittal, Sparsh},



	journal={ACM Computing Surveys (CSUR)},



	volume={48},



	number={4},



	pages={1--33},



	year={2016},



	publisher={ACM New York, NY, USA}



}



@inproceedings{venkataramani2015approximate,



	title={Approximate computing and the quest for computing efficiency},



	author={Venkataramani, Swagath and Chakradhar, Srimat T and Roy, Kaushik and Raghunathan, Anand},



	booktitle={2015 52nd ACM/EDAC/IEEE Design Automation Conference (DAC)},



	pages={1--6},



	year={2015},



	organization={IEEE}



}



@article{lasi2014industry,

	title={Industry 4.0},

	author={Lasi, Heiner and Fettke, Peter and Kemper, Hans-Georg and Feld, Thomas and Hoffmann, Michael},

	journal={Business \& information systems engineering},

	volume={6},

	number={4},

	pages={239--242},

	year={2014},

	publisher={Springer}

}



@article{alcacer2019scanning,

	title={Scanning the industry 4.0: A literature review on technologies for manufacturing systems},

	author={Alc{\'a}cer, Vitor and Cruz-Machado, Virgilio},

	journal={Engineering science and technology, an international journal},

	volume={22},

	number={3},

	pages={899--919},

	year={2019},

	publisher={Elsevier}

}



@article{zhang2020empowering,

	title={Empowering Things with Intelligence: A Survey of the Progress, Challenges, and Opportunities in Artificial Intelligence of Things},

	author={Zhang, Jing and Tao, Dacheng},

	journal={IEEE Internet of Things Journal},

	year={2020},

	publisher={IEEE}

}



@article{espinoza2020estimating,

	title={Estimating the impact of the Internet of Things on productivity in Europe},

	author={Espinoza, H{\'e}ctor and Kling, Gerhard and McGroarty, Frank and O'Mahony, Mary and Ziouvelou, Xenia},

	journal={Heliyon},

	volume={6},

	number={5},

	pages={e03935},

	year={2020},

	publisher={Elsevier}

}



@inproceedings{venkataramani2016efficient,

	title={Efficient embedded learning for IoT devices},

	author={Venkataramani, Swagath and Roy, Kaushik and Raghunathan, Anand},

	booktitle={2016 21st Asia and South Pacific Design Automation Conference (ASP-DAC)},

	pages={308--311},

	year={2016},

	organization={IEEE}

}



@inproceedings{loh20201,

	title={1.2 Fertilizing AIoT from roots to leaves},

	author={Loh, Kou-Hung Lawrence},

	booktitle={2020 IEEE International Solid-State Circuits Conference-(ISSCC)},

	pages={15--21},

	year={2020},

	organization={IEEE}

}



@article{bochkovskiy2020yolov4,

	title={Yolov4: Optimal speed and accuracy of object detection},

	author={Bochkovskiy, Alexey and Wang, Chien-Yao and Liao, Hong-Yuan Mark},

	journal={arXiv preprint arXiv:2004.10934},

	year={2020}

}



@article{he2015spatial,

	title={Spatial pyramid pooling in deep convolutional networks for visual recognition},

	author={He, Kaiming and Zhang, Xiangyu and Ren, Shaoqing and Sun, Jian},

	journal={IEEE transactions on pattern analysis and machine intelligence},

	volume={37},

	number={9},

	pages={1904--1916},

	year={2015},

	publisher={IEEE}

}



@inproceedings{liu2016ssd,

	title={Ssd: Single shot multibox detector},

	author={Liu, Wei and Anguelov, Dragomir and Erhan, Dumitru and Szegedy, Christian and Reed, Scott and Fu, Cheng-Yang and Berg, Alexander C},

	booktitle={European conference on computer vision},

	pages={21--37},

	year={2016},

	organization={Springer}

}



@article{ren2016faster,

	title={Faster R-CNN: towards real-time object detection with region proposal networks},

	author={Ren, Shaoqing and He, Kaiming and Girshick, Ross and Sun, Jian},

	journal={IEEE transactions on pattern analysis and machine intelligence},

	volume={39},

	number={6},

	pages={1137--1149},

	year={2016},

	publisher={IEEE}

}



@article{ahmad2020challenges,

	title={Challenges of AI in wireless networks for IoT},

	author={Ahmad, Ijaz and Shahabuddin, Shahriar and Kumar, Tanesh and Harjula, Erkki and Meisel, Marcus and Juntti, Markku and Sauter, Thilo and Ylianttila, Mika},

	journal={arXiv preprint arXiv:2007.04705},

	year={2020}

}



@book{al2019artificial,

	title={Artificial intelligence in IoT},

	author={Al-Turjman, Fadi},

	year={2019},

	publisher={Springer}

}



@article{simonyan2014very,

	title={Very deep convolutional networks for large-scale image recognition},

	author={Simonyan, Karen and Zisserman, Andrew},

	journal={arXiv preprint arXiv:1409.1556},

	year={2014}

}



@inproceedings{deng2009imagenet,

	title={Imagenet: A large-scale hierarchical image database},

	author={Deng, Jia and Dong, Wei and Socher, Richard and Li, Li-Jia and Li, Kai and Fei-Fei, Li},

	booktitle={2009 IEEE conference on computer vision and pattern recognition},

	pages={248--255},

	year={2009},

	organization={Ieee}

}



@inproceedings{szegedy2017inception,

	title={Inception-v4, inception-resnet and the impact of residual connections on learning},

	author={Szegedy, Christian and Ioffe, Sergey and Vanhoucke, Vincent and Alemi, Alexander},

	booktitle={Proceedings of the AAAI Conference on Artificial Intelligence},

	volume={31},

	number={1},

	year={2017}

}



@inproceedings{courbariaux2015binaryconnect,

	title={Binaryconnect: Training deep neural networks with binary weights during propagations},

	author={Courbariaux, Matthieu and Bengio, Yoshua and David, Jean-Pierre},

	booktitle={Advances in neural information processing systems},

	pages={3123--3131},

	year={2015}

}%36



@article{han2015deep,

	title={Deep compression: Compressing deep neural networks with pruning, trained quantization and huffman coding},

	author={Han, Song and Mao, Huizi and Dally, William J},

	journal={arXiv preprint arXiv:1510.00149},

	year={2015}

}%61

@article{hubara2017quantized,

	title={Quantized neural networks: Training neural networks with low precision weights and activations},

	author={Hubara, Itay and Courbariaux, Matthieu and Soudry, Daniel and El-Yaniv, Ran and Bengio, Yoshua},

	journal={The Journal of Machine Learning Research},

	volume={18},

	number={1},

	pages={6869--6898},

	year={2017},

	publisher={JMLR. org}

}%67

@inproceedings{rastegari2016xnor,

	title={Xnor-net: Imagenet classification using binary convolutional neural networks},

	author={Rastegari, Mohammad and Ordonez, Vicente and Redmon, Joseph and Farhadi, Ali},

	booktitle={European conference on computer vision},

	pages={525--542},

	year={2016},

	organization={Springer}

}%149

%%% Pruning

@article{lecun1989optimal,

	title={Optimal brain damage},

	author={LeCun, Yann and Denker, John and Solla, Sara},

	journal={Advances in neural information processing systems},

	volume={2},

	pages={598--605},

	year={1989}

}



@article{hassibi1992second,

	title={Second order derivatives for network pruning: Optimal brain surgeon},

	author={Hassibi, Babak and Stork, David},

	journal={Advances in neural information processing systems},

	volume={5},

	pages={164--171},

	year={1992}

}



@article{molchanov2016pruning,

	title={Pruning convolutional neural networks for resource efficient inference},

	author={Molchanov, Pavlo and Tyree, Stephen and Karras, Tero and Aila, Timo and Kautz, Jan},

	journal={arXiv preprint arXiv:1611.06440},

	year={2016}

}



@article{li2016pruning,

	title={Pruning filters for efficient convnets},

	author={Li, Hao and Kadav, Asim and Durdanovic, Igor and Samet, Hanan and Graf, Hans Peter},

	journal={arXiv preprint arXiv:1608.08710},

	year={2016}

}



@article{liu2018rethinking,

	title={Rethinking the value of network pruning},

	author={Liu, Zhuang and Sun, Mingjie and Zhou, Tinghui and Huang, Gao and Darrell, Trevor},

	journal={arXiv preprint arXiv:1810.05270},

	year={2018}

}



@article{gillani2020exploiting,

	title={Exploiting error resilience for hardware efficiency: targeting iterative and accumulation based algorithms},

	author={Gillani, Syed Ghayoor Abbas},

	year={2020}

}



@inproceedings{zhang2015approxann,

	title={ApproxANN: An approximate computing framework for artificial neural network},

	author={Zhang, Qian and Wang, Ting and Tian, Ye and Yuan, Feng and Xu, Qiang},

	booktitle={2015 Design, Automation \& Test in Europe Conference \& Exhibition (DATE)},

	pages={701--706},

	year={2015},

	organization={IEEE}

}



@article{mittal2020survey,

	title={A survey on modeling and improving reliability of DNN algorithms and accelerators},

	author={Mittal, Sparsh},

	journal={Journal of Systems Architecture},

	volume={104},

	pages={101689},

	year={2020},

	publisher={Elsevier}

}



@article{dos2018analyzing,

	title={Analyzing and increasing the reliability of convolutional neural networks on GPUs},

	author={dos Santos, Fernando Fernandes and Pimenta, Pedro Foletto and Lunardi, Caio and Draghetti, Lucas and Carro, Luigi and Kaeli, David and Rech, Paolo},

	journal={IEEE Transactions on Reliability},

	volume={68},

	number={2},

	pages={663--677},

	year={2018},

	publisher={IEEE}

}



@article{whatmough2018dnn,

	title={DNN engine: A 28-nm timing-error tolerant sparse deep neural network processor for IoT applications},

	author={Whatmough, Paul N and Lee, Sae Kyu and Brooks, David and Wei, Gu-Yeon},

	journal={IEEE Journal of Solid-State Circuits},

	volume={53},

	number={9},

	pages={2722--2731},

	year={2018},

	publisher={IEEE}

}



@inproceedings{azizimazreah2018tolerating,

	title={Tolerating soft errors in deep learning accelerators with reliable on-chip memory designs},

	author={Azizimazreah, Arash and Gu, Yongbin and Gu, Xiang and Chen, Lizhong},

	booktitle={2018 IEEE International Conference on Networking, Architecture and Storage (NAS)},

	pages={1--10},

	year={2018},

	organization={IEEE}

}



@inproceedings{li2017understanding,

	title={Understanding error propagation in deep learning neural network (DNN) accelerators and applications},

	author={Li, Guanpeng and Hari, Siva Kumar Sastry and Sullivan, Michael and Tsai, Timothy and Pattabiraman, Karthik and Emer, Joel and Keckler, Stephen W},

	booktitle={Proceedings of the International Conference for High Performance Computing, Networking, Storage and Analysis},

	pages={1--12},

	year={2017}

}



@inproceedings{salami2018resilience,

	title={On the resilience of rtl nn accelerators: Fault characterization and mitigation},

	author={Salami, Behzad and Unsal, Osman S and Kestelman, Adrian Cristal},

	booktitle={2018 30th International Symposium on Computer Architecture and High Performance Computing (SBAC-PAD)},

	pages={322--329},

	year={2018},

	organization={IEEE}

}



@article{dos2018analyzing,

	title={Analyzing and increasing the reliability of convolutional neural networks on GPUs},

	author={dos Santos, Fernando Fernandes and Pimenta, Pedro Foletto and Lunardi, Caio and Draghetti, Lucas and Carro, Luigi and Kaeli, David and Rech, Paolo},

	journal={IEEE Transactions on Reliability},

	volume={68},

	number={2},

	pages={663--677},

	year={2018},

	publisher={IEEE}

}



@inproceedings{marques2017unreliable,

	title={Unreliable memory operation on a convolutional neural network processor},

	author={Marques, Jose and Andrade, Joao and Falcao, Gabriel},

	booktitle={2017 IEEE International Workshop on Signal Processing Systems (SiPS)},

	pages={1--6},

	year={2017},

	organization={IEEE}

}



@inproceedings{reagen2018ares,

	title={Ares: A framework for quantifying the resilience of deep neural networks},

	author={Reagen, Brandon and Gupta, Udit and Pentecost, Lillian and Whatmough, Paul and Lee, Sae Kyu and Mulholland, Niamh and Brooks, David and Wei, Gu-Yeon},

	booktitle={2018 55th ACM/ESDA/IEEE Design Automation Conference (DAC)},

	pages={1--6},

	year={2018},

	organization={IEEE}

}



@inproceedings{li2018smartshuttle,

	title={Smartshuttle: Optimizing off-chip memory accesses for deep learning accelerators},

	author={Li, Jiajun and Yan, Guihai and Lu, Wenyan and Jiang, Shuhao and Gong, Shijun and Wu, Jingya and Li, Xiaowei},

	booktitle={2018 Design, Automation \& Test in Europe Conference \& Exhibition (DATE)},

	pages={343--348},

	year={2018},

	organization={IEEE}

}



@article{piuri2001analysis,

	title={Analysis of fault tolerance in artificial neural networks},

	author={Piuri, Vincenzo},

	journal={Journal of Parallel and Distributed Computing},

	volume={61},

	number={1},

	pages={18--48},

	year={2001},

	publisher={Elsevier}

}



@article{torres2017fault,

	title={Fault and error tolerance in neural networks: A review},

	author={Torres-Huitzil, Cesar and Girau, Bernard},

	journal={IEEE Access},

	volume={5},

	pages={17322--17341},

	year={2017},

	publisher={IEEE}

}



@inproceedings{guerraoui2017neurons,

	title={When Neurons Fail},

	author={Guerraoui, Rachid and others},

	booktitle={2017 IEEE International Parallel and Distributed Processing Symposium (IPDPS)},

	pages={1028--1037},

	year={2017},

	organization={IEEE}

}



@inproceedings{venkataramani2014axnn,

	title={AxNN: Energy-efficient neuromorphic systems using approximate computing},

	author={Venkataramani, Swagath and Ranjan, Ashish and Roy, Kaushik and Raghunathan, Anand},

	booktitle={2014 IEEE/ACM International Symposium on Low Power Electronics and Design (ISLPED)},

	pages={27--32},

	year={2014},

	organization={IEEE}

}



@inproceedings{li2018smartshuttle,

	title={Smartshuttle: Optimizing off-chip memory accesses for deep learning accelerators},

	author={Li, Jiajun and Yan, Guihai and Lu, Wenyan and Jiang, Shuhao and Gong, Shijun and Wu, Jingya and Li, Xiaowei},

	booktitle={2018 Design, Automation \& Test in Europe Conference \& Exhibition (DATE)},

	pages={343--348},

	year={2018},

	organization={IEEE}

}



@article{bach2015pixel,

	title={On pixel-wise explanations for non-linear classifier decisions by layer-wise relevance propagation},

	author={Bach, Sebastian and Binder, Alexander and Montavon, Gr{\'e}goire and Klauschen, Frederick and M{\"u}ller, Klaus-Robert and Samek, Wojciech},

	journal={PloS one},

	volume={10},

	number={7},

	pages={e0130140},

	year={2015},

	publisher={Public Library of Science}

}



@article{montavon2018methods,

	title={Methods for interpreting and understanding deep neural networks},

	author={Montavon, Gr{\'e}goire and Samek, Wojciech and M{\"u}ller, Klaus-Robert},

	journal={Digital Signal Processing},

	volume={73},

	pages={1--15},

	year={2018},

	publisher={Elsevier}

}



@article{montavon2017explaining,

	title={Explaining nonlinear classification decisions with deep taylor decomposition},

	author={Montavon, Gr{\'e}goire and Lapuschkin, Sebastian and Binder, Alexander and Samek, Wojciech and M{\"u}ller, Klaus-Robert},

	journal={Pattern Recognition},

	volume={65},

	pages={211--222},

	year={2017},

	publisher={Elsevier}

}



@article{schorn2020automated,

	title={Automated design of error-resilient and hardware-efficient deep neural networks},

	author={Schorn, Christoph and Elsken, Thomas and Vogel, Sebastian and Runge, Armin and Guntoro, Andre and Ascheid, Gerd},

	journal={Neural Computing and Applications},

	volume={32},

	number={24},

	pages={18327--18345},

	year={2020},

	publisher={Springer}

}



@inproceedings{du2014leveraging,

	title={Leveraging the error resilience of machine-learning applications for designing highly energy efficient accelerators},

	author={Du, Zidong and Palem, Krishna and Lingamneni, Avinash and Temam, Olivier and Chen, Yunji and Wu, Chengyong},

	booktitle={2014 19th Asia and South Pacific design automation conference (ASP-DAC)},

	pages={201--206},

	year={2014},

	organization={IEEE}

}



@inproceedings{nevarez2020accelerator,

	title={Accelerator Framework of Spike-By-Spike Neural Networks for Inference and Incremental Learning in Embedded Systems},

	author={Nevarez, Yarib and Garcia-Ortiz, Alberto and Rotermund, David and Pawelzik, Klaus R},

	booktitle={2020 9th International Conference on Modern Circuits and Systems Technologies (MOCAST)},

	pages={1--5},

	year={2020},

	organization={IEEE}

}
%%%%%%%%%%%%%%%%%%%%%%%%%%%%%%%%%%%%%%%%%%%%%%%%%%%%%%%%%%%%%%%%%%%%%%%%%%%%%%%%%%%%%%
%% Key references used in the proposal

@String { DAC          = {DAC} }
@String { DATE         = {DATE} }
@String { ICASP        = {ICASP} }
@String { ICCAD        = {ICCAD} }
@String { ISCAS        = {ISCAS} }
@String { ISLPED       = {ISLPED} }
@String { Proc_IEE     = {Proc. of the IEEE} }
@String { Trans_CAD    = {IEEE Trans. on CAD } }
@String { Trans_CASII  = {IEEE Trans. on Circuits and Systems II: Analog and Digital Signal Processing} }
@String { Trans_SIGNAL = {IEEE Trans. on Signal Processing} }
@String { Trans_Solid  = {IEEE Journal of solid-state circuits} }
@String { Trans_VLSI   = {IEEE Trans. on VLSI Systems} }


%%% Pruning
@article{lecun1989optimal,
	title={Optimal brain damage},
	author={LeCun, Yann and Denker, John and Solla, Sara},
	journal={Advances in neural information processing systems},
	volume={2},
	pages={598--605},
	year={1989}
}

@article{hassibi1992second,
	title={Second order derivatives for network pruning: Optimal brain surgeon},
	author={Hassibi, Babak and Stork, David},
	journal={Advances in neural information processing systems},
	volume={5},
	pages={164--171},
	year={1992}
}

@article{molchanov2016pruning,
	title={Pruning convolutional neural networks for resource efficient inference},
	author={Molchanov, Pavlo and Tyree, Stephen and Karras, Tero and Aila, Timo and Kautz, Jan},
	journal={arXiv preprint arXiv:1611.06440},
	year={2016}
}

@article{li2016pruning,
	title={Pruning filters for efficient convnets},
	author={Li, Hao and Kadav, Asim and Durdanovic, Igor and Samet, Hanan and Graf, Hans Peter},
	journal={arXiv preprint arXiv:1608.08710},
	year={2016}
}

@article{liu2018rethinking,
	title={Rethinking the value of network pruning},
	author={Liu, Zhuang and Sun, Mingjie and Zhou, Tinghui and Huang, Gao and Darrell, Trevor},
	journal={arXiv preprint arXiv:1810.05270},
	year={2018}
}

%%%%%


@article{schmidhuber2015deep,
	title={Deep learning in neural networks: An overview},
	author={Schmidhuber, J{\"u}rgen},
	journal={Neural networks},
	volume={61},
	pages={85--117},
	year={2015},
	publisher={Elsevier}
}

@InProceedings{Taigman_2014_CVPR,
	author = {Taigman, Yaniv and Yang, Ming and Ranzato, Marc'Aurelio and Wolf, Lior},
	title = {DeepFace: Closing the Gap to Human-Level Performance in Face Verification},
	booktitle = {Proceedings of the IEEE Conference on Computer Vision and Pattern Recognition (CVPR)},
	month = {June},
	year = {2014}
}

@article {Rotermund500280,
	author = {Rotermund, David and Pawelzik, Klaus R.},
	title = {Massively Parallel FPGA Hardware for Spike-By-Spike Networks},
	elocation-id = {500280},
	year = {2019},
	doi = {10.1101/500280},
	publisher = {Cold Spring Harbor Laboratory},
	URL = {https://www.biorxiv.org/content/early/2019/06/14/500280},
	eprint = {https://www.biorxiv.org/content/early/2019/06/14/500280.full.pdf},
	journal = {bioRxiv}
}

@inproceedings {nevarez2020accelerator,
	title={Accelerator Framework of Spike-By-Spike Neural Networks for Inference and Incremental Learning in Embedded Systems},
	author={Nevarez, Yarib and Garcia-Ortiz, Alberto and Rotermund, David and Pawelzik, Klaus R},
	booktitle={2020 9th International Conference on Modern Circuits and Systems Technologies (MOCAST)},
	pages={1--5},
	year={2020},
	organization={IEEE}
}

@inproceedings{kim2018low,
	title={Low-power implementation of Mitchell's approximate logarithmic multiplication for convolutional neural networks},
	author={Kim, Min Soo and Del Barrio, Alberto A and Hermida, Rom{\'a}n and Bagherzadeh, Nader},
	booktitle={2018 23rd Asia and South Pacific Design Automation Conference (ASP-DAC)},
	pages={617--622},
	year={2018},
	organization={IEEE}
}

@article{SNN_Survey_Trans19,
	author = {Bouvier, Maxence and Valentian, Alexandre and Mesquida, Thomas and Rummens, Francois and Reyboz, Marina and Vianello, Elisa and Beigne, Edith},
	title = {Spiking Neural Networks Hardware Implementations and Challenges: A Survey},
	year = {2019},
	issue_date = {June 2019},
	publisher = {Association for Computing Machinery},
	address = {New York, NY, USA},
	volume = {15},
	number = {2},
	issn = {1550-4832},
	url = {https://doi.org/10.1145/3304103},
	doi = {10.1145/3304103},
	journal = {J. Emerg. Technol. Comput. Syst.},
	month = apr,
	articleno = {Article 22},
	numpages = {35},
	keywords = {hardware implementation, Neuromorphic computing, spiking, spiking neural networks, neural network, neuromorphic computing, machine learning, event driven, hardware}
}




@ARTICLE{Spinnaker_Trans13,
	author={E. {Painkras} and L. A. {Plana} and J. {Garside} and S. {Temple} and F. {Galluppi} and C. {Patterson} and D. R. {Lester} and A. D. {Brown} and S. B. {Furber}},
	journal={IEEE Journal of Solid-State Circuits},
	title={SpiNNaker: A 1-W 18-Core System-on-Chip for Massively-Parallel Neural Network Simulation},
	year={2013},
	volume={48},
	number={8},
	pages={1943-1953},
	doi={10.1109/JSSC.2013.2259038},
	ISSN={1558-173X},
	month={Aug},}




@ARTICLE{najafi18adder,
	author={A. Najafi and M. Weißbrich and G. Payá-Vayá and A. Garcia-Ortiz},
	journal={IEEE Journal on Emerging and Selected Topics in Circuits and Systems},
	title={Coherent Design of Hybrid Approximate Adders: Unified Design Framework and Metrics},
	year={2018},
	volume={8},
	number={4},
	pages={736-745},
	doi={10.1109/JETCAS.2018.2833284},
	ISSN={2156-3357},
	month={Dec},
	Shorthand                = {AG1}
}

@ARTICLE{dalloo18oloca,
	author={A. Dalloo and A. Najafi and A. Garcia-Ortiz},
	journal={IEEE Transactions on Very Large Scale Integration (VLSI) Systems},
	title={Systematic Design of an Approximate Adder: The Optimized Lower Part Constant-OR Adder},
	year={2018},
	volume={26},
	number={8},
	pages={1595-1599},
	doi={10.1109/TVLSI.2018.2822278},
	ISSN={1063-8210},
	month={Aug},
	Shorthand                = {AG2}
}


@ARTICLE{najafi18communication,
	author={A. {Najafi} and L. {Bamberg} and A. {Najafi} and A. {Garcia-Ortiz}},
	journal={IEEE Access},
	title={Integer-Value Encoding for Approximate On-chip Communication},
	year={2019},
	volume={(Early access)},
	number={},
	pages={1-1},
	keywords={Approximate communication;on-chip interconnects;integer-value encoding;error efficiency;computer vision},
	doi={10.1109/ACCESS.2019.2959446},
	ISSN={2169-3536},
	month={},
	Shorthand                = {AG3}
}


@ARTICLE{najafiStochPR2019,
	author={A. {Najafi} and A. {Garcia-Ortiz}},
	journal={IEEE Transactions on Circuits and Systems II: Express Briefs},
	title={Stochastic Mixed-PR: A Stochastically-Tunable Low-Error Adder},
	year={2019},
	volume={(Early access)},
	number={},
	pages={1-1},
	keywords={Approximate computing;stochastic computing;adder architecture;reconfigurability;error-cost trade-off.},
	doi={10.1109/TCSII.2019.2953617},
	ISSN={1558-3791},
	month={},
	Shorthand                = {AG4}
}


@InCollection{rodriguez10cmos,
	Title                    = {A CMOS Vision System On-Chip with Multi-Core, Cellular Sensory-Processing Front-End},
	Author                   = {Rodr{\'\i}guez-V{\'a}zquez, A. and Dom{\'\i}nguez-Castro, R. and Jim{\'e}nez-Garrido, F. and Morillas, S. and Garc{\'\i}a-Ortiz, A. and Utrera, C. and Pardo, M. and Listan,  J. and Romay, R.},
	Booktitle                = {Cellular nanoscale sensory wave computing},
	Publisher                = {Springer},
	Year                     = {2010},
	Pages                    = {129--146},
	Shorthand                = {AG5}
}


@article{ernst2007efficient,
	title={Efficient computation based on stochastic spikes},
	author={Ernst, Udo and Rotermund, David and Pawelzik, Klaus},
	journal={Neural computation},
	volume={19},
	number={5},
	pages={1313--1343},
	year={2007},
	publisher={MITP},
}


@article {rotermund2018massively,
	author = {Rotermund, David and Pawelzik, Klaus R.},
	title = {Massively Parallel {FPGA} Hardware for Spike-By-Spike Networks},
	elocation-id = {500280},
	year = {2019},
	doi = {10.1101/500280},
	publisher = {Cold Spring Harbor Laboratory},
	journal = {bioRxiv},
}

@article{lecun1998mnist,
	title={The MNIST database of handwritten digits},
	author={LeCun, Yann},
	journal={http://yann. lecun. com/exdb/mnist/},
	year={1998}
}


@ARTICLE{rotermund2019Backpropagation,  
	AUTHOR={Rotermund, David and Pawelzik, Klaus R.},   	 
	TITLE={Back-Propagation Learning in Deep Spike-By-Spike Networks},      	
	JOURNAL={Frontiers in Computational Neuroscience},      	
	VOLUME={13},      
	PAGES={55},     
	YEAR={2019},      
	DOI={10.3389/fncom.2019.00055},      
	ISSN={1662-5188},   
	
}


@article {rotermund2019recurrentsbs,
	author = {Rotermund, David and Pawelzik, Klaus R.},
	title = {Biologically plausible learning in a deep recurrent spiking network},
	elocation-id = {613471},
	year = {2019},
	doi = {10.1101/613471},
	publisher = {Cold Spring Harbor Laboratory},
	journal = {bioRxiv},
}


@article{zhang2018survey,
	title={A Survey of Neuromorphic Computing Based on Spiking Neural Networks},
	author={ZHANG, Ming and Zonghua, GU and Gang, PAN},
	journal={Chinese Journal of Electronics},
	volume={27},
	number={4},
	pages={667--674},
	year={2018},
	publisher={IET}
}

@article{lotrivc2012applicability,
	title={Applicability of approximate multipliers in hardware neural networks},
	author={Lotri{\v{c}}, Uro{\v{s}} and Buli{\'c}, Patricio},
	journal={Neurocomputing},
	volume={96},
	pages={57--65},
	year={2012},
	publisher={Elsevier}
}

@inproceedings{sarwar2016multiplier,
	title={Multiplier-less artificial neurons exploiting error resiliency for energy-efficient neural computing},
	author={Sarwar, Syed Shakib and Venkataramani, Swagath and Raghunathan, Anand and Roy, Kaushik},
	booktitle={2016 Design, Automation \& Test in Europe Conference \& Exhibition (DATE)},
	pages={145--150},
	year={2016},
	organization={IEEE}
}

@inproceedings{mrazek2016design,
	title={Design of power-efficient approximate multipliers for approximate artificial neural networks},
	author={Mrazek, Vojtech and Sarwar, Syed Shakib and Sekanina, Lukas and Vasicek, Zdenek and Roy, Kaushik},
	booktitle={Proceedings of the 35th International Conference on Computer-Aided Design},
	pages={1--7},
	year={2016}
}

@inproceedings{du2014leveraging,
	title={Leveraging the error resilience of machine-learning applications for designing highly energy efficient accelerators},
	author={Du, Zidong and Palem, Krishna and Lingamneni, Avinash and Temam, Olivier and Chen, Yunji and Wu, Chengyong},
	booktitle={2014 19th Asia and South Pacific design automation conference (ASP-DAC)},
	pages={201--206},
	year={2014},
	organization={IEEE}
}

@article{park2009dynamic,
	title={Dynamic bit-width adaptation in DCT: An approach to trade off image quality and computation energy},
	author={Park, Jongsun and Choi, Jung Hwan and Roy, Kaushik},
	journal={IEEE transactions on very large scale integration (VLSI) systems},
	volume={18},
	number={5},
	pages={787--793},
	year={2009},
	publisher={IEEE}
}

@article{bouvier2019spiking,
	title={Spiking neural networks hardware implementations and challenges: A survey},
	author={Bouvier, Maxence and Valentian, Alexandre and Mesquida, Thomas and Rummens, Fran{\c{c}}ois and Reyboz, Marina and Vianello, Elisa and Beigne, Edith},
	journal={ACM Journal on Emerging Technologies in Computing Systems (JETC)},
	volume={15},
	number={2},
	pages={1--35},
	year={2019},
	publisher={ACM New York, NY, USA}
}

%%%%%%%%%%%%%%%%%%%%%%%%%%%%%%%%%%%%%%%%%%%%%
@inproceedings{han2013approximate,
	title={Approximate computing: An emerging paradigm for energy-efficient design},
	author={Han, Jie and Orshansky, Michael},
	booktitle={2013 18th IEEE European Test Symposium (ETS)},
	pages={1--6},
	year={2013},
	organization={IEEE}
}%60

@inproceedings{gupta2011impact,
	title={IMPACT: imprecise adders for low-power approximate computing},
	author={Gupta, Vaibhav and Mohapatra, Debabrata and Park, Sang Phill and Raghunathan, Anand and Roy, Kaushik},
	booktitle={IEEE/ACM International Symposium on Low Power Electronics and Design},
	pages={409--414},
	year={2011},
	organization={IEEE}
}

@article{mittal2016survey,
	title={A survey of techniques for approximate computing},
	author={Mittal, Sparsh},
	journal={ACM Computing Surveys (CSUR)},
	volume={48},
	number={4},
	pages={1--33},
	year={2016},
	publisher={ACM New York, NY, USA}
}

@inproceedings{venkataramani2015approximate,
	title={Approximate computing and the quest for computing efficiency},
	author={Venkataramani, Swagath and Chakradhar, Srimat T and Roy, Kaushik and Raghunathan, Anand},
	booktitle={2015 52nd ACM/EDAC/IEEE Design Automation Conference (DAC)},
	pages={1--6},
	year={2015},
	organization={IEEE}
}

@inproceedings{courbariaux2015binaryconnect,
	title={Binaryconnect: Training deep neural networks with binary weights during propagations},
	author={Courbariaux, Matthieu and Bengio, Yoshua and David, Jean-Pierre},
	booktitle={Advances in neural information processing systems},
	pages={3123--3131},
	year={2015}
}%36
@article{han2015deep,
	title={Deep compression: Compressing deep neural networks with pruning, trained quantization and huffman coding},
	author={Han, Song and Mao, Huizi and Dally, William J},
	journal={arXiv preprint arXiv:1510.00149},
	year={2015}
}%61
@article{hubara2017quantized,
	title={Quantized neural networks: Training neural networks with low precision weights and activations},
	author={Hubara, Itay and Courbariaux, Matthieu and Soudry, Daniel and El-Yaniv, Ran and Bengio, Yoshua},
	journal={The Journal of Machine Learning Research},
	volume={18},
	number={1},
	pages={6869--6898},
	year={2017},
	publisher={JMLR. org}
}%67
@inproceedings{rastegari2016xnor,
	title={Xnor-net: Imagenet classification using binary convolutional neural networks},
	author={Rastegari, Mohammad and Ordonez, Vicente and Redmon, Joseph and Farhadi, Ali},
	booktitle={European conference on computer vision},
	pages={525--542},
	year={2016},
	organization={Springer}
}%149
@inproceedings{moons20160,
	title={A 0.3--2.6 TOPS/W precision-scalable processor for real-time large-scale ConvNets},
	author={Moons, Bert and Verhelst, Marian},
	booktitle={2016 IEEE Symposium on VLSI Circuits (VLSI-Circuits)},
	pages={1--2},
	year={2016},
	organization={IEEE}
}%127
@inproceedings{whatmough201714,
	title={14.3 A 28nm SoC with a 1.2 GHz 568nJ/prediction sparse deep-neural-network engine with> 0.1 timing error rate tolerance for IoT applications},
	author={Whatmough, Paul N and Lee, Sae Kyu and Lee, Hyunkwang and Rama, Saketh and Brooks, David and Wei, Gu-Yeon},
	booktitle={2017 IEEE International Solid-State Circuits Conference (ISSCC)},
	pages={242--243},
	year={2017},
	organization={IEEE}
}%189
@inproceedings{sun2018xnor,
	title={XNOR-RRAM: A scalable and parallel resistive synaptic architecture for binary neural networks},
	author={Sun, Xiaoyu and Yin, Shihui and Peng, Xiaochen and Liu, Rui and Seo, Jae-sun and Yu, Shimeng},
	booktitle={2018 Design, Automation \& Test in Europe Conference \& Exhibition (DATE)},
	pages={1423--1428},
	year={2018},
	organization={IEEE}
}%174
@article{jin2017performance,
	title={Performance and robustness of bio-inspired digital liquid state machines: A case study of speech recognition},
	author={Jin, Yingyezhe and Li, Peng},
	journal={Neurocomputing},
	volume={226},
	pages={145--160},
	year={2017},
	publisher={Elsevier}
}%79
@article{rathi2018stdp,
	title={STDP-based pruning of connections and weight quantization in spiking neural networks for energy-efficient recognition},
	author={Rathi, Nitin and Panda, Priyadarshini and Roy, Kaushik},
	journal={IEEE Transactions on Computer-Aided Design of Integrated Circuits and Systems},
	volume={38},
	number={4},
	pages={668--677},
	year={2018},
	publisher={IEEE}
}%150
@inproceedings{sen2017approximate,
	title={Approximate computing for spiking neural networks},
	author={Sen, Sanchari and Venkataramani, Swagath and Raghunathan, Anand},
	booktitle={Design, Automation \& Test in Europe Conference \& Exhibition (DATE), 2017},
	pages={193--198},
	year={2017},
	organization={IEEE}
}%163
@article{srivastava2014dropout,
	title={Dropout: a simple way to prevent neural networks from overfitting},
	author={Srivastava, Nitish and Hinton, Geoffrey and Krizhevsky, Alex and Sutskever, Ilya and Salakhutdinov, Ruslan},
	journal={The journal of machine learning research},
	volume={15},
	number={1},
	pages={1929--1958},
	year={2014},
	publisher={JMLR. org}
}%172
@inproceedings{wan2013regularization,
	title={Regularization of neural networks using dropconnect},
	author={Wan, Li and Zeiler, Matthew and Zhang, Sixin and Le Cun, Yann and Fergus, Rob},
	booktitle={International conference on machine learning},
	pages={1058--1066},
	year={2013}
}%183
@article{neftci2016stochastic,
	title={Stochastic synapses enable efficient brain-inspired learning machines},
	author={Neftci, Emre O and Pedroni, Bruno U and Joshi, Siddharth and Al-Shedivat, Maruan and Cauwenberghs, Gert},
	journal={Frontiers in neuroscience},
	volume={10},
	pages={241},
	year={2016},
	publisher={Frontiers}
}%133
@article{srinivasan2016magnetic,
	title={Magnetic tunnel junction based long-term short-term stochastic synapse for a spiking neural network with on-chip STDP learning},
	author={Srinivasan, Gopalakrishnan and Sengupta, Abhronil and Roy, Kaushik},
	journal={Scientific reports},
	volume={6},
	pages={29545},
	year={2016},
	publisher={Nature Publishing Group}
}%171
@article{buesing2011neural,
	title={Neural dynamics as sampling: a model for stochastic computation in recurrent networks of spiking neurons},
	author={Buesing, Lars and Bill, Johannes and Nessler, Bernhard and Maass, Wolfgang},
	journal={PLoS Comput Biol},
	volume={7},
	number={11},
	pages={e1002211},
	year={2011},
	publisher={Public Library of Science}
}%23
@article{bellec2017deep,
	title={Deep rewiring: Training very sparse deep networks},
	author={Bellec, Guillaume and Kappel, David and Maass, Wolfgang and Legenstein, Robert},
	journal={arXiv preprint arXiv:1711.05136},
	year={2017}
}%14
@article{chen20184096,
	title={A 4096-neuron 1M-synapse 3.8-pJ/SOP spiking neural network with on-chip STDP learning and sparse weights in 10-nm FinFET CMOS},
	author={Chen, Gregory K and Kumar, Raghavan and Sumbul, H Ekin and Knag, Phil C and Krishnamurthy, Ram K},
	journal={IEEE Journal of Solid-State Circuits},
	volume={54},
	number={4},
	pages={992--1002},
	year={2018},
	publisher={IEEE}
}%34
@inproceedings{sheik2016synaptic,
	title={Synaptic sampling in hardware spiking neural networks},
	author={Sheik, Sadique and Paul, Somnath and Augustine, Charles and Kothapalli, Chinnikrishna and Khellah, Muhammad M and Cauwenberghs, Gert and Neftci, Emre},
	booktitle={2016 IEEE International Symposium on Circuits and Systems (ISCAS)},
	pages={2090--2093},
	year={2016},
	organization={IEEE}
}%167
@inproceedings{jerry2017ultra,
	title={Ultra-low power probabilistic IMT neurons for stochastic sampling machines},
	author={Jerry, M and Parihar, A and Grisafe, B and Raychowdhury, A and Datta, S},
	booktitle={2017 Symposium on VLSI Circuits},
	pages={T186--T187},
	year={2017},
	organization={IEEE}
}%77
@article{knag2014native,
	title={A native stochastic computing architecture enabled by memristors},
	author={Knag, Phil and Lu, Wei and Zhang, Zhengya},
	journal={IEEE Transactions on Nanotechnology},
	volume={13},
	number={2},
	pages={283--293},
	year={2014},
	publisher={IEEE}
}%97
@inproceedings{kim2013energy,
	title={An energy efficient approximate adder with carry skip for error resilient neuromorphic VLSI systems},
	author={Kim, Yongtae and Zhang, Yong and Li, Peng},
	booktitle={2013 IEEE/ACM International Conference on Computer-Aided Design (ICCAD)},
	pages={130--137},
	year={2013},
	organization={IEEE}
}%94
@inproceedings{he2016deep,
	title={Deep residual learning for image recognition},
	author={He, Kaiming and Zhang, Xiangyu and Ren, Shaoqing and Sun, Jian},
	booktitle={Proceedings of the IEEE conference on computer vision and pattern recognition},
	pages={770--778},
	year={2016}
}%62
@article{russakovsky2015imagenet,
	title={Imagenet large scale visual recognition challenge},
	author={Russakovsky, Olga and Deng, Jia and Su, Hao and Krause, Jonathan and Satheesh, Sanjeev and Ma, Sean and Huang, Zhiheng and Karpathy, Andrej and Khosla, Aditya and Bernstein, Michael and others},
	journal={International journal of computer vision},
	volume={115},
	number={3},
	pages={211--252},
	year={2015},
	publisher={Springer}
}%157

%%%%%%%%%%%%%%%%%%%%%%%%%%%%%%%%%%%%%%%%%%%%%



@article{Design_Exploration_SbS_Trans20,
	title = "Design Space Exploration of Hardware Spiking Neurons for Embedded Artificial Intelligence",
	journal = "Neural Networks",
	volume = "121",
	pages = "366 - 386",
	year = "2020",
	issn = "0893-6080",
	doi = "https://doi.org/10.1016/j.neunet.2019.09.024",
	author = "Nassim Abderrahmane and Edgar Lemaire and Benoît Miramond",
	keywords = "Artificial intelligence, Neuromorphic computing, Spiking neural networks, Neural coding, Embedded systems, Power consumption",
}


@article{Deep_Learning_SbS_Trans19,
	title = "Deep learning in spiking neural networks",
	journal = "Neural Networks",
	volume = "111",
	pages = "47 - 63",
	year = "2019",
	issn = "0893-6080",
	doi = "https://doi.org/10.1016/j.neunet.2018.12.002",
	url = "http://www.sciencedirect.com/science/article/pii/S0893608018303332",
	author = "Amirhossein Tavanaei and Masoud Ghodrati and Saeed Reza Kheradpisheh and Timothée Masquelier and Anthony Maida",
	keywords = "Deep learning, Spiking neural network, Biological plausibility, Machine learning, Power-efficient architecture",
}



@article{pfeiffer2018deep,
	title={Deep learning with spiking neurons: Opportunities and challenges},
	author={Pfeiffer, Michael and Pfeil, Thomas},
	journal={Frontiers in neuroscience},
	volume={12},
	year={2018},
	publisher={Frontiers Media SA}
}



@article{guo2016deep,
	title={Deep learning for visual understanding: A review},
	author={Guo, Yanming and Liu, Yu and Oerlemans, Ard and Lao, Songyang and Wu, Song and Lew, Michael S},
	journal={Neurocomputing},
	volume={187},
	pages={27--48},
	year={2016},
	publisher={Elsevier}
}


@article{AdaptNoC_SbS,
	title = "Advancing interconnect density for spiking neural network hardware implementations using traffic-aware adaptive network-on-chip routers",
	journal = "Neural Networks",
	volume = "33",
	pages = "42 - 57",
	year = "2012",
	issn = "0893-6080",
	doi = "https://doi.org/10.1016/j.neunet.2012.04.004",
	author = "Snaider Carrillo and Jim Harkin and Liam McDaid and Sandeep Pande and Seamus Cawley and Brian McGinley and Fearghal Morgan",
	keywords = "Adaptive router, Spiking neural networks, Network-on-chip, Brain-inspired computing, Inter-neuron scalability, Fault-tolerant",
}


@article{ganguli2012compressed,
	title={Compressed sensing, sparsity, and dimensionality in neuronal information processing and data analysis},
	author={Ganguli, Surya and Sompolinsky, Haim},
	journal={Annual review of neuroscience},
	volume={35},
	pages={485--508},
	year={2012},
	publisher={Annual Reviews}
}

@article{ganguli2010statistical,
	title={Statistical mechanics of compressed sensing},
	author={Ganguli, Surya and Sompolinsky, Haim},
	journal={Physical review letters},
	volume={104},
	number={18},
	pages={188701},
	year={2010},
	publisher={APS}
}


@article{bruckstein2008uniqueness,
	title={On the uniqueness of nonnegative sparse solutions to underdetermined systems of equations},
	author={Bruckstein, Alfred M and Elad, Michael and Zibulevsky, Michael},
	journal={IEEE Transactions on Information Theory},
	volume={54},
	number={11},
	pages={4813--4820},
	year={2008},
	publisher={IEEE}
}

@article{candes2006stable,
	title={Stable signal recovery from incomplete and inaccurate measurements},
	author={Candes, Emmanuel J and Romberg, Justin K and Tao, Terence},
	journal={Communications on Pure and Applied Mathematics: A Journal Issued by the Courant Institute of Mathematical Sciences},
	volume={59},
	number={8},
	pages={1207--1223},
	year={2006},
	publisher={Wiley Online Library}
}

@article{lee1999learning,
	title={Learning the parts of objects by non-negative matrix factorization},
	author={Lee, Daniel D and Seung, H Sebastian},
	journal={Nature},
	volume={401},
	number={6755},
	pages={788},
	year={1999},
	publisher={Nature Publishing Group}
}

@inproceedings{lee2001algorithms,
	title={Algorithms for non-negative matrix factorization},
	author={Lee, Daniel D and Seung, H Sebastian},
	booktitle={Advances in neural information processing systems},
	pages={556--562},
	year={2001}
}

@article{izhikevich2004model,
	title={Which model to use for cortical spiking neurons?},
	author={Izhikevich, Eugene M},
	journal={IEEE transactions on neural networks},
	volume={15},
	number={5},
	pages={1063--1070},
	year={2004},
	publisher={Ieee}
}

@article{jiang2017review,
	title={A review, classification, and comparative evaluation of approximate arithmetic circuits},
	author={Jiang, Honglan and Liu, Cong and Liu, Leibo and Lombardi, Fabrizio and Han, Jie},
	journal={ACM Journal on Emerging Technologies in Computing Systems (JETC)},
	volume={13},
	number={4},
	pages={60},
	year={2017},
	publisher={ACM}
}

@article{sze2017efficient,
	title={Efficient processing of deep neural networks: A tutorial and survey},
	author={Sze, Vivienne and Chen, Yu-Hsin and Yang, Tien-Ju and Emer, Joel S},
	journal={Proceedings of the IEEE},
	volume={105},
	number={12},
	pages={2295--2329},
	year={2017},
	publisher={IEEE}
}

@inproceedings{jiang2016comparative,
	title={A comparative evaluation of approximate multipliers},
	author={Jiang, Honglan and Liu, Cong and Maheshwari, Naman and Lombardi, Fabrizio and Han, Jie},
	booktitle={Nanoscale Architectures (NANOARCH), 2016 IEEE/ACM International Symposium on},
	pages={191--196},
	year={2016},
	organization={IEEE}
}

@article{rosenblatt1958perceptron,
	title={The perceptron: a probabilistic model for information storage and organization in the brain.},
	author={Rosenblatt, Frank},
	journal={Psychological review},
	volume={65},
	number={6},
	pages={386},
	year={1958},
	publisher={American Psychological Association}
}

@article{rumelhart1986learning,
	title={Learning representations by back-propagating errors},
	author={Rumelhart, David E and Hinton, Geoffrey E and Williams, Ronald J},
	journal={nature},
	volume={323},
	number={6088},
	pages={533},
	year={1986},
	publisher={Nature Publishing Group}
}


@article{azkarate2015deep,
	title={Deep learning review and its applications},
	author={Azkarate Saiz, Andoni},
	year={2015}
}

@article{silver2016mastering,
	title={Mastering the game of Go with deep neural networks and tree search},
	author={Silver, David and Huang, Aja and Maddison, Chris J and Guez, Arthur and Sifre, Laurent and Van Den Driessche, George and Schrittwieser, Julian and Antonoglou, Ioannis and Panneershelvam, Veda and Lanctot, Marc and others},
	journal={nature},
	volume={529},
	number={7587},
	pages={484},
	year={2016},
	publisher={Nature Publishing Group}
}

@article{mnih2015human,
	title={Human-level control through deep reinforcement learning},
	author={Mnih, Volodymyr and Kavukcuoglu, Koray and Silver, David and Rusu, Andrei A and Veness, Joel and Bellemare, Marc G and Graves, Alex and Riedmiller, Martin and Fidjeland, Andreas K and Ostrovski, Georg and others},
	journal={Nature},
	volume={518},
	number={7540},
	pages={529},
	year={2015},
	publisher={Nature Publishing Group}
}

@inproceedings{gatys2016image,
	title={Image style transfer using convolutional neural networks},
	author={Gatys, Leon A and Ecker, Alexander S and Bethge, Matthias},
	booktitle={Proceedings of the IEEE Conference on Computer Vision and Pattern Recognition},
	pages={2414--2423},
	year={2016}
}

@article{jouppi2018motivation,
	title={Motivation for and Evaluation of the First Tensor Processing Unit},
	author={Jouppi, Norman and Young, Cliff and Patil, Nishant and Patterson, David},
	journal={IEEE Micro},
	volume={38},
	number={3},
	pages={10--19},
	year={2018},
	publisher={IEEE}
}

@article{gucclu2015deep,
	title={Deep neural networks reveal a gradient in the complexity of neural representations across the ventral stream},
	author={G{\"u}{\c{c}}l{\"u}, Umut and van Gerven, Marcel AJ},
	journal={Journal of Neuroscience},
	volume={35},
	number={27},
	pages={10005--10014},
	year={2015},
	publisher={Soc Neuroscience}
}

@article{lustig2008compressed,
	title={Compressed sensing MRI},
	author={Lustig, Michael and Donoho, David L and Santos, Juan M and Pauly, John M},
	journal={IEEE signal processing magazine},
	volume={25},
	number={2},
	pages={72--82},
	year={2008},
	publisher={IEEE}
}

@article{wiedemann2018multi,
	title={Multi-agent exploration of spatial dynamical processes under sparsity constraints},
	author={Wiedemann, Thomas and Manss, Christoph and Shutin, Dmitriy},
	journal={Autonomous Agents and Multi-Agent Systems},
	volume={32},
	number={1},
	pages={134--162},
	year={2018},
	publisher={Springer}
}

@article{olshausen2006other,
	title={What is the other 85 percent of V1 doing},
	author={Olshausen, Bruno A and Field, David J},
	journal={L. van Hemmen, \& T. Sejnowski (Eds.)},
	volume={23},
	pages={182--211},
	year={2006}
}

@article{spanne2015questioning,
	title={Questioning the role of sparse coding in the brain},
	author={Spanne, Anton and J{\"o}rntell, Henrik},
	journal={Trends in neurosciences},
	volume={38},
	number={7},
	pages={417--427},
	year={2015},
	publisher={Elsevier}
}

@article{zhu2013visual,
	title={Visual nonclassical receptive field effects emerge from sparse coding in a dynamical system},
	author={Zhu, Mengchen and Rozell, Christopher J},
	journal={PLoS computational biology},
	volume={9},
	number={8},
	pages={e1003191},
	year={2013},
	publisher={Public Library of Science}
}

@article{rajalingham2018large,
	title={Large-scale, high-resolution comparison of the core visual object recognition behavior of humans, monkeys, and state-of-the-art deep artificial neural networks},
	author={Rajalingham, Rishi and Issa, Elias B and Bashivan, Pouya and Kar, Kohitij and Schmidt, Kailyn and DiCarlo, James J},
	journal={Journal of Neuroscience},
	volume={38},
	number={33},
	pages={7255--7269},
	year={2018},
	publisher={Soc Neuroscience}
}

@article{tavanaei2018deep,
	title={Deep learning in spiking neural networks},
	author={Tavanaei, Amirhossein and Ghodrati, Masoud and Kheradpisheh, Saeed Reza and Masquelier, Timoth{\'e}e and Maida, Anthony},
	journal={Neural Networks},
	year={2018},
	publisher={Elsevier}
}

@misc{xilinx2015zynq,
	title={Zynq-7000 All Programmable SoC: Technical Reference Manual},
	author={Xilinx, UG585},
	year={2015},
	publisher={February}
}

@article{hrica2012floating,
	title={Floating-point design with vivado HLS},
	author={Hrica, James},
	journal={Xilinx Application Note},
	year={2012}
}








@article{amunts2019human,
	title={The Human Brain Project -- Synergy between neuroscience, computing, informatics, and brain-inspired technologies},
	author={Amunts, Katrin and Knoll, Alois C and Lippert, Thomas and Pennartz, Cyriel MA and Ryvlin, Philippe and Destexhe, Alain and Jirsa, Viktor K and D’Angelo, Egidio and Bjaalie, Jan G},
	journal={PLoS biology},
	volume={17},
	number={7},
	pages={e3000344},
	year={2019},
	publisher={Public Library of Science}
}

@ARTICLE{Intercommunication_Spike_Trans18,
	author={A. R. {Young} and M. E. {Dean} and J. S. {Plank} and G. {S. Rose}},
	journal={IEEE Access},
	title={A Review of Spiking Neuromorphic Hardware Communication Systems},
	year={2019},
	volume={7},
	number={},
	pages={135606-135620},
	ISSN={2169-3536},
	month={},}

@ARTICLE{TrueNorth_Trans15,
	author={F. {Akopyan} and J. {Sawada} and A. {Cassidy} and R. {Alvarez-Icaza} and J. {Arthur} and P. {Merolla} and N. {Imam} and Y. {Nakamura} and P. {Datta} and G. {Nam} and B. {Taba} and M. {Beakes} and B. {Brezzo} and J. B. {Kuang} and R. {Manohar} and W. P. {Risk} and B. {Jackson} and D. S. {Modha}},
	journal={IEEE Trans. on Computer-Aided Design of Integrated Circuits and Systems},
	title={TrueNorth: Design and Tool Flow of a 65 mW 1 Million Neuron Programmable Neurosynaptic Chip},
	year={2015},
	volume={34},
	number={10},
	pages={1537-1557},
	ISSN={1937-4151},
	month={Oct},}

@ARTICLE{loihi_Trans18,
	author={M. {Davies} and N. {Srinivasa} and T. {Lin} and G. {Chinya} and Y. {Cao} and S. H. {Choday} and G. {Dimou} and P. {Joshi} and N. {Imam} and S. {Jain} and Y. {Liao} and C. {Lin} and A. {Lines} and R. {Liu} and D. {Mathaikutty} and S. {McCoy} and A. {Paul} and J. {Tse} and G. {Venkataramanan} and Y. {Weng} and A. {Wild} and Y. {Yang} and H. {Wang}},
	journal={IEEE Micro},
	title={Loihi: A Neuromorphic Manycore Processor with On-Chip Learning},
	year={2018},
	volume={38},
	number={1},
	pages={82-99},
	ISSN={1937-4143},
	month={January},}

@article{smetters1996synaptic,
	title={Synaptic transmission: noisy synapses and noisy neurons},
	author={Smetters, DK and Zador, Anthony},
	journal={Current Biology},
	volume={6},
	number={10},
	pages={1217--1218},
	year={1996},
	publisher={Elsevier}
}

@article{mcdonnell2011benefits,
	title={The benefits of noise in neural systems: bridging theory and experiment},
	author={McDonnell, Mark D and Ward, Lawrence M},
	journal={Nature Reviews Neuroscience},
	volume={12},
	number={7},
	pages={415--425},
	year={2011},
	publisher={Nature Publishing Group}
}




@article{davies2018loihi,
	title={Loihi: A neuromorphic manycore processor with on-chip learning},
	author={Davies, Mike and Srinivasa, Narayan and Lin, Tsung-Han and Chinya, Gautham and Cao, Yongqiang and Choday, Sri Harsha and Dimou, Georgios and Joshi, Prasad and Imam, Nabil and Jain, Shweta and others},
	journal={IEEE Micro},
	volume={38},
	number={1},
	pages={82--99},
	year={2018},
	publisher={IEEE}
}

@article {Dapello2020.06.16.154542,
	author = {Dapello, Joel and Marques, Tiago and Schrimpf, Martin and Geiger, Franziska and Cox, David D. and DiCarlo, James J.},
	title = {Simulating a Primary Visual Cortex at the Front of CNNs Improves Robustness to Image Perturbations},
	elocation-id = {2020.06.16.154542},
	year = {2020},
	publisher = {Cold Spring Harbor Laboratory},
	journal = {bioRxiv}
}


@article{roy2019towards,
	title={Towards spike-based machine intelligence with neuromorphic computing},
	author={Roy, Kaushik and Jaiswal, Akhilesh and Panda, Priyadarshini},
	journal={Nature},
	volume={575},
	number={7784},
	pages={607--617},
	year={2019},
	publisher={Nature Publishing Group}
}


@article{young2019review,
	title={A review of spiking neuromorphic hardware communication systems},
	author={Young, Aaron R and Dean, Mark E and Plank, James S and Rose, Garrett S},
	journal={IEEE Access},
	volume={7},
	pages={135606--135620},
	year={2019},
	publisher={IEEE}
}

@book{dayan2001theoretical,
	title={Theoretical neuroscience: computational and mathematical modeling of neural systems},
	author={Dayan, Peter and Abbott, Laurence F},
	year={2001},
	publisher={Computational Neuroscience Series}
}
%%%%%%%%%%%%%%%%%%%%%%%%%%%%%%%%%%%%%%%%%%%%%%%%%%%%%%%%%%%%%%%%%%%%%%%%%%%%%%%%%%%%%%

@article{gao2020edgedrnn,
	title={EdgeDRNN: Recurrent neural network accelerator for edge inference},
	author={Gao, Chang and Rios-Navarro, Antonio and Chen, Xi and Liu, Shih-Chii and Delbruck, Tobi},
	journal={IEEE Journal on Emerging and Selected Topics in Circuits and Systems},
	volume={10},
	number={4},
	pages={419--432},
	year={2020},
	publisher={IEEE}
}

@article{kingma2014adam,
	title={Adam: A method for stochastic optimization},
	author={Kingma, Diederik P and Ba, Jimmy},
	journal={arXiv preprint arXiv:1412.6980},
	year={2014}
}

@inproceedings{meloni2019cnn,
	title={CNN hardware acceleration on a low-power and low-cost APSoC},
	author={Meloni, Paolo and Garufi, Antonio and Deriu, Gianfranco and Carreras, Marco and Loi, Daniela},
	booktitle={2019 Conference on Design and Architectures for Signal and Image Processing (DASIP)},
	pages={7--12},
	year={2019},
	organization={IEEE}
}

@article{springenberg2014striving,
	title={Striving for simplicity: The all convolutional net},
	author={Springenberg, Jost Tobias and Dosovitskiy, Alexey and Brox, Thomas and Riedmiller, Martin},
	journal={arXiv preprint arXiv:1412.6806},
	year={2014}
}

@inproceedings{du2014leveraging,
	title={Leveraging the error resilience of machine-learning applications for designing highly energy efficient accelerators},
	author={Du, Zidong and Palem, Krishna and Lingamneni, Avinash and Temam, Olivier and Chen, Yunji and Wu, Chengyong},
	booktitle={2014 19th Asia and South Pacific design automation conference (ASP-DAC)},
	pages={201--206},
	year={2014},
	organization={IEEE}
}

@inproceedings{jacob2018quantization,
	title={Quantization and training of neural networks for efficient integer-arithmetic-only inference},
	author={Jacob, Benoit and Kligys, Skirmantas and Chen, Bo and Zhu, Menglong and Tang, Matthew and Howard, Andrew and Adam, Hartwig and Kalenichenko, Dmitry},
	booktitle={Proceedings of the IEEE conference on computer vision and pattern recognition},
	pages={2704--2713},
	year={2018}
}

@article{faraone2019addnet,
	title={Addnet: Deep neural networks using fpga-optimized multipliers},
	author={Faraone, Julian and Kumm, Martin and Hardieck, Martin and Zipf, Peter and Liu, Xueyuan and Boland, David and Leong, Philip HW},
	journal={IEEE Transactions on Very Large Scale Integration (VLSI) Systems},
	volume={28},
	number={1},
	pages={115--128},
	year={2019},
	publisher={IEEE}
}

@article{hannwindowsine,
	author = {Sikdar, Shirsendu and Banerjee, Sauvik and Ashish, G.},
	year = {2015},
	month = {10},
	pages = {},
	title = {Ultrasonic guided wave propagation and disbond identification in a honeycomb composite sandwich structure using bonded piezoelectric wafer transducers},
	volume = {27},
	journal = {Journal of Intelligent Material Systems and Structures},
	doi = {10.1177/1045389X15610906}
}

@book{stft_lit,
	title =     {Signalverarbeitung: Zeit-Frequenz-Analysen und Schätzverfahren},
	author =    {Kiencke, U. and Schwarz, M. and Weickert, T.},
	isbn = {978-3-486-58668-8},
	year =      {2008},
	publisher =    {Oldenbourh},
	pages     = {99-102}
}

@article{blackman_window,
	author = {Blackman, R. B. and Tukey, J. W.},
	title = {The Measurement of Power Spectra from the Point of View of Communications Engineering - Part I},
	journal = {Bell System Technical Journal},
	volume = {37},
	number = {1},
	pages = {185-282},
	doi = {10.1002/j.1538-7305.1958.tb03874.x},
	year = {1958}
}

@article{li2019sensor,
	title={Sensor data-driven bearing fault diagnosis based on deep convolutional neural networks and S-transform},
	author={Li, Guoqiang and Deng, Chao and Wu, Jun and Xu, Xuebing and Shao, Xinyu and Wang, Yuanhang},
	journal={Sensors},
	volume={19},
	number={12},
	pages={2750},
	year={2019},
	publisher={Multidisciplinary Digital Publishing Institute}
}

@article{wang2019deep,
	title={Deep learning for sensor-based activity recognition: A survey},
	author={Wang, Jindong and Chen, Yiqiang and Hao, Shuji and Peng, Xiaohui and Hu, Lisha},
	journal={Pattern Recognition Letters},
	volume={119},
	pages={3--11},
	year={2019},
	publisher={Elsevier}
}

@article{han2015deep,
	title={Deep compression: Compressing deep neural networks with pruning, trained quantization and huffman coding},
	author={Han, Song and Mao, Huizi and Dally, William J},
	journal={arXiv preprint arXiv:1510.00149},
	year={2015}
}

@article{han2015learning,
	title={Learning both weights and connections for efficient neural network},
	author={Han, Song and Pool, Jeff and Tran, John and Dally, William},
	journal={Advances in neural information processing systems},
	volume={28},
	year={2015}
}

@inproceedings{zhou2018cambricon,
	title={Cambricon-S: Addressing irregularity in sparse neural networks through a cooperative software/hardware approach},
	author={Zhou, Xuda and Du, Zidong and Guo, Qi and Liu, Shaoli and Liu, Chengsi and Wang, Chao and Zhou, Xuehai and Li, Ling and Chen, Tianshi and Chen, Yunji},
	booktitle={2018 51st Annual IEEE/ACM International Symposium on Microarchitecture (MICRO)},
	pages={15--28},
	year={2018},
	organization={IEEE}
}

@inproceedings{mei2017200mhz,
	title={A 200mhz 202.4 gflops@ 10.8 w vgg16 accelerator in xilinx vx690t},
	author={Mei, Chunsheng and Liu, Zhenyu and Niu, Yue and Ji, Xiangyang and Zhou, Wei and Wang, Dongsheng},
	booktitle={2017 IEEE Global Conference on Signal and Information Processing (GlobalSIP)},
	pages={784--788},
	year={2017},
	organization={IEEE}
}

@article{logicore2012floating,
	title={Floating-point operator v6. 0},
	author={LogiCORE, IP},
	journal={Xilinx Inc},
	year={2012}
}

@article{wu2020phoenix,
	title={Phoenix: A low-precision floating-point quantization oriented architecture for convolutional neural networks},
	author={Wu, Chen and Wang, Mingyu and Li, Xiayu and Lu, Jicheng and Wang, Kun and He, Lei},
	journal={arXiv preprint arXiv:2003.02628},
	year={2020}
}

@article{lian2019high,
	title={High-performance FPGA-based CNN accelerator with block-floating-point arithmetic},
	author={Lian, Xiaocong and Liu, Zhenyu and Song, Zhourui and Dai, Jiwu and Zhou, Wei and Ji, Xiangyang},
	journal={IEEE Transactions on Very Large Scale Integration (VLSI) Systems},
	volume={27},
	number={8},
	pages={1874--1885},
	year={2019},
	publisher={IEEE}
}

@article{lai2017deep,
	title={Deep convolutional neural network inference with floating-point weights and fixed-point activations},
	author={Lai, Liangzhen and Suda, Naveen and Chandra, Vikas},
	journal={arXiv preprint arXiv:1703.03073},
	year={2017}
}

@article{settle2018quantizing,
	title={Quantizing convolutional neural networks for low-power high-throughput inference engines},
	author={Settle, Sean O and Bollavaram, Manasa and D'Alberto, Paolo and Delaye, Elliott and Fernandez, Oscar and Fraser, Nicholas and Ng, Aaron and Sirasao, Ashish and Wu, Michael},
	journal={arXiv preprint arXiv:1805.07941},
	year={2018}
}

@article{courbariaux2015binaryconnect,
	title={Binaryconnect: Training deep neural networks with binary weights during propagations},
	author={Courbariaux, Matthieu and Bengio, Yoshua and David, Jean-Pierre},
	journal={Advances in neural information processing systems},
	volume={28},
	year={2015}
}

@article{lin2015neural,
	title={Neural networks with few multiplications},
	author={Lin, Zhouhan and Courbariaux, Matthieu and Memisevic, Roland and Bengio, Yoshua},
	journal={arXiv preprint arXiv:1510.03009},
	year={2015}
}

@inproceedings{colangelo2018exploration,
	title={Exploration of low numeric precision deep learning inference using Intel{\textregistered} FPGAs},
	author={Colangelo, Philip and Nasiri, Nasibeh and Nurvitadhi, Eriko and Mishra, Asit and Margala, Martin and Nealis, Kevin},
	booktitle={2018 IEEE 26th annual international symposium on field-programmable custom computing machines (FCCM)},
	pages={73--80},
	year={2018},
	organization={IEEE}
}

@article{ma2018optimizing,
	title={Optimizing the convolution operation to accelerate deep neural networks on FPGA},
	author={Ma, Yufei and Cao, Yu and Vrudhula, Sarma and Seo, Jae-sun},
	journal={IEEE Transactions on Very Large Scale Integration (VLSI) Systems},
	volume={26},
	number={7},
	pages={1354--1367},
	year={2018},
	publisher={IEEE}
}

@inproceedings{xiao2017exploring,
	title={Exploring heterogeneous algorithms for accelerating deep convolutional neural networks on FPGAs},
	author={Xiao, Qingcheng and Liang, Yun and Lu, Liqiang and Yan, Shengen and Tai, Yu-Wing},
	booktitle={Proceedings of the 54th Annual Design Automation Conference 2017},
	pages={1--6},
	year={2017}
}

@article{yu2019opu,
	title={OPU: An FPGA-based overlay processor for convolutional neural networks},
	author={Yu, Yunxuan and Wu, Chen and Zhao, Tiandong and Wang, Kun and He, Lei},
	journal={IEEE Transactions on Very Large Scale Integration (VLSI) Systems},
	volume={28},
	number={1},
	pages={35--47},
	year={2019},
	publisher={IEEE}
}

@inproceedings{yu2020light,
	title={Light-opu: An fpga-based overlay processor for lightweight convolutional neural networks},
	author={Yu, Yunxuan and Zhao, Tiandong and Wang, Kun and He, Lei},
	booktitle={Proceedings of the 2020 ACM/SIGDA International Symposium on Field-Programmable Gate Arrays},
	pages={122--132},
	year={2020}
}

@article{yu2020uni,
	title={Uni-OPU: An FPGA-based uniform accelerator for convolutional and transposed convolutional networks},
	author={Yu, Yunxuan and Zhao, Tiandong and Wang, Mingyu and Wang, Kun and He, Lei},
	journal={IEEE transactions on very large scale integration (VLSI) systems},
	volume={28},
	number={7},
	pages={1545--1556},
	year={2020},
	publisher={IEEE}
}

@article{wu2021low,
	title={Low-precision Floating-point Arithmetic for High-performance FPGA-based CNN Acceleration},
	author={Wu, Chen and Wang, Mingyu and Chu, Xinyuan and Wang, Kun and He, Lei},
	journal={ACM Transactions on Reconfigurable Technology and Systems (TRETS)},
	volume={15},
	number={1},
	pages={1--21},
	year={2021},
	publisher={ACM New York, NY}
}

@article{zuras2008ieee,
	title={IEEE standard for floating-point arithmetic},
	author={Zuras, Dan and Cowlishaw, Mike and Aiken, Alex and Applegate, Matthew and Bailey, David and Bass, Steve and Bhandarkar, Dileep and Bhat, Mahesh and Bindel, David and Boldo, Sylvie and others},
	journal={IEEE Std},
	volume={754},
	number={2008},
	pages={1--70},
	year={2008}
}

@article{dong2018rolling,
	title={Rolling bearing fault diagnosis using modified neighborhood preserving embedding and maximal overlap discrete wavelet packet transform with sensitive features selection},
	author={Dong, Fei and Yu, Xiao and Ding, Enjie and Wu, Shoupeng and Fan, Chunyang and Huang, Yanqiu},
	journal={Shock and Vibration},
	volume={2018},
	year={2018},
	publisher={Hindawi}
}

@article{gu2018recent,
	title={Recent advances in convolutional neural networks},
	author={Gu, Jiuxiang and Wang, Zhenhua and Kuen, Jason and Ma, Lianyang and Shahroudy, Amir and Shuai, Bing and Liu, Ting and Wang, Xingxing and Wang, Gang and Cai, Jianfei and others},
	journal={Pattern Recognition},
	volume={77},
	pages={354--377},
	year={2018},
	publisher={Elsevier}
}

@article{solorzano2021early,
	title={Early fire detection based on gas sensor arrays: Multivariate calibration and validation},
	author={Sol{\'o}rzano, Ana and Eichmann, Jens and Fernandez, Luis and Ziems, Bernd and Jim{\'e}nez-Soto, Juan Manuel and Marco, Santiago and Fonollosa, Jordi},
	journal={Sensors and Actuators B: Chemical},
	pages={130961},
	year={2021},
	publisher={Elsevier}
}

@inproceedings{lom2016industry,
	title={Industry 4.0 as a part of smart cities},
	author={Lom, Michal and Pribyl, Ondrej and Svitek, Miroslav},
	booktitle={2016 Smart Cities Symposium Prague (SCSP)},
	pages={1--6},
	year={2016},
	organization={IEEE}
}

@article{chen2019deep,
	title={Deep learning with edge computing: A review},
	author={Chen, Jiasi and Ran, Xukan},
	journal={Proceedings of the IEEE},
	volume={107},
	number={8},
	pages={1655--1674},
	year={2019},
	publisher={IEEE}
}

@article{ince2016real,
	title={Real-time motor fault detection by 1-D convolutional neural networks},
	author={Ince, Turker and Kiranyaz, Serkan and Eren, Levent and Askar, Murat and Gabbouj, Moncef},
	journal={IEEE Transactions on Industrial Electronics},
	volume={63},
	number={11},
	pages={7067--7075},
	year={2016},
	publisher={IEEE}
}

@article{janssens2016convolutional,
	title={Convolutional neural network based fault detection for rotating machinery},
	author={Janssens, Olivier and Slavkovikj, Viktor and Vervisch, Bram and Stockman, Kurt and Loccufier, Mia and Verstockt, Steven and Van de Walle, Rik and Van Hoecke, Sofie},
	journal={Journal of Sound and Vibration},
	volume={377},
	pages={331--345},
	year={2016},
	publisher={Elsevier}
}

@article{abdeljaber2017real,
	title={Real-time vibration-based structural damage detection using one-dimensional convolutional neural networks},
	author={Abdeljaber, Osama and Avci, Onur and Kiranyaz, Serkan and Gabbouj, Moncef and Inman, Daniel J},
	journal={Journal of Sound and Vibration},
	volume={388},
	pages={154--170},
	year={2017},
	publisher={Elsevier}
}

@article{guo2016hierarchical,
	title={Hierarchical adaptive deep convolution neural network and its application to bearing fault diagnosis},
	author={Guo, Xiaojie and Chen, Liang and Shen, Changqing},
	journal={Measurement},
	volume={93},
	pages={490--502},
	year={2016},
	publisher={Elsevier}
}

@techreport{nagayama2007structural,
	title={Structural health monitoring using smart sensors},
	author={Nagayama, Tomonori and Spencer Jr, Billie F},
	year={2007},
	institution={Newmark Structural Engineering Laboratory. University of Illinois at Urban}
}

@inproceedings{kim2017hazardous,
	title={Hazardous gas detection for FTIR-based hyperspectral imaging system using DNN and CNN},
	author={Kim, Yong Chan and Yu, Hyeong-Geun and Lee, Jae-Hoon and Park, Dong-Jo and Nam, Hyun-Woo},
	booktitle={Electro-Optical and Infrared Systems: Technology and Applications XIV},
	volume={10433},
	pages={1043317},
	year={2017},
	organization={International Society for Optics and Photonics}
}

@inproceedings{nurvitadhi2017can,
	title={Can fpgas beat gpus in accelerating next-generation deep neural networks?},
	author={Nurvitadhi, Eriko and Venkatesh, Ganesh and Sim, Jaewoong and Marr, Debbie and Huang, Randy and Ong Gee Hock, Jason and Liew, Yeong Tat and Srivatsan, Krishnan and Moss, Duncan and Subhaschandra, Suchit and others},
	booktitle={Proceedings of the 2017 ACM/SIGDA International Symposium on Field-Programmable Gate Arrays},
	pages={5--14},
	year={2017}
}

@article{ovtcharov2015accelerating,
	title={Accelerating deep convolutional neural networks using specialized hardware},
	author={Ovtcharov, Kalin and Ruwase, Olatunji and Kim, Joo-Young and Fowers, Jeremy and Strauss, Karin and Chung, Eric S},
	journal={Microsoft Research Whitepaper},
	volume={2},
	number={11},
	pages={1--4},
	year={2015}
}

@inproceedings{qiu2016going,
	title={Going deeper with embedded fpga platform for convolutional neural network},
	author={Qiu, Jiantao and Wang, Jie and Yao, Song and Guo, Kaiyuan and Li, Boxun and Zhou, Erjin and Yu, Jincheng and Tang, Tianqi and Xu, Ningyi and Song, Sen and others},
	booktitle={Proceedings of the 2016 ACM/SIGDA International Symposium on Field-Programmable Gate Arrays},
	pages={26--35},
	year={2016}
}

@article{abdelouahab2018accelerating,
	title={Accelerating CNN inference on FPGAs: A survey},
	author={Abdelouahab, Kamel and Pelcat, Maxime and Serot, Jocelyn and Berry, Fran{\c{c}}ois},
	journal={arXiv preprint arXiv:1806.01683},
	year={2018}
}

@book{hassaballah2020deep,
	title={Deep learning in computer vision: principles and applications},
	author={Hassaballah, Mahmoud and Awad, Ali Ismail},
	year={2020},
	publisher={CRC Press}
}

@article{muhammad2018efficient,
	title={Efficient deep CNN-based fire detection and localization in video surveillance applications},
	author={Muhammad, Khan and Ahmad, Jamil and Lv, Zhihan and Bellavista, Paolo and Yang, Po and Baik, Sung Wook},
	journal={IEEE Transactions on Systems, Man, and Cybernetics: Systems},
	volume={49},
	number={7},
	pages={1419--1434},
	year={2018},
	publisher={IEEE}
}

@article{dhillon2020convolutional,
	title={Convolutional neural network: a review of models, methodologies and applications to object detection},
	author={Dhillon, Anamika and Verma, Gyanendra K},
	journal={Progress in Artificial Intelligence},
	volume={9},
	number={2},
	pages={85--112},
	year={2020},
	publisher={Springer}
}

@article{cass2019taking,
	title={Taking AI to the edge: Google's TPU now comes in a maker-friendly package},
	author={Cass, Stephen},
	journal={IEEE Spectrum},
	volume={56},
	number={5},
	pages={16--17},
	year={2019},
	publisher={IEEE}
}

@misc{coral2021Datasheet,
	title = {Coral. “Dev Board Datasheet.”},
	howpublished = {\url{https://coral.ai/docs/dev-board/datasheet/.}},
	note = {Accessed September 15, 2021.}
}  

@misc{tfLiteMicro,
	title = {TensorFlow Lite for Microcontrollers},
	howpublished = {https://github.com/tensorflow/tflite-micro.}},
note = {Accessed September 15, 2021.}
}  


@misc{coral2021Compatibility,
	title = {Coral. “TensorFlow models on the Edge TPU.”},
	howpublished = {\url{https://coral.ai/docs/edgetpu/models-intro/.}},
	note = {Accessed September 15, 2021.}
}  

@article{yazdanbakhsh2021evaluation,
	title={An evaluation of edge tpu accelerators for convolutional neural networks},
	author={Yazdanbakhsh, Amir and Seshadri, Kiran and Akin, Berkin and Laudon, James and Narayanaswami, Ravi},
	journal={arXiv preprint arXiv:2102.10423},
	year={2021}
}

@article{wang2019deep,
	title={Deep neural network approximation for custom hardware: Where we've been, where we're going},
	author={Wang, Erwei and Davis, James J and Zhao, Ruizhe and Ng, Ho-Cheung and Niu, Xinyu and Luk, Wayne and Cheung, Peter YK and Constantinides, George A},
	journal={ACM Computing Surveys (CSUR)},
	volume={52},
	number={2},
	pages={1--39},
	year={2019},
	publisher={ACM New York, NY, USA}
}

@article{hubara2017quantized,
	title={Quantized neural networks: Training neural networks with low precision weights and activations},
	author={Hubara, Itay and Courbariaux, Matthieu and Soudry, Daniel and El-Yaniv, Ran and Bengio, Yoshua},
	journal={The Journal of Machine Learning Research},
	volume={18},
	number={1},
	pages={6869--6898},
	year={2017},
	publisher={JMLR. org}
}

@article{nevarez2021accelerating,
	title={Accelerating Spike-by-Spike Neural Networks on FPGA with Hybrid Custom Floating-Point and Logarithmic Dot-Product Approximation},
	author={Nevarez, Yarib and Rotermund, David and Pawelzik, Klaus R and Garcia-Ortiz, Alberto},
	journal={IEEE Access},
	year={2021},
	publisher={IEEE}
}

@misc{TensorFlowLibrary,
	title = {TensorFlow Lite for Microcontrollers. “Understand the C++ library.”},
	howpublished = {\url{https://www.tensorflow.org/lite/microcontrollers/library.}},
	note = {Accessed September 15, 2021.}
}

@misc{TensorFlowDelegate,
	title = {TensorFlow Lite Delegates.},
	howpublished = {https://www.tensorflow.org/lite/performance/.}},
note = {Accessed September 15, 2021.}
}

@misc{xilinx2015zynq,
	title={Zynq-7000 All Programmable SoC: Technical Reference Manual},
	author={Xilinx, UG585},
	year={2015},
	publisher={February}
}

@misc{xilinxDPU,
	title={Zynq DPU v3.1, Product Guide},
	author={Xilinx, PG338},
	year={2019},
	publisher={December}
}

@article{moini2017resource,
	title={A resource-limited hardware accelerator for convolutional neural networks in embedded vision applications},
	author={Moini, Shayan and Alizadeh, Bijan and Emad, Mohammad and Ebrahimpour, Reza},
	journal={IEEE Transactions on Circuits and Systems II: Express Briefs},
	volume={64},
	number={10},
	pages={1217--1221},
	year={2017},
	publisher={IEEE}
}

@article{guo2017angel,
	title={Angel-eye: A complete design flow for mapping cnn onto embedded fpga},
	author={Guo, Kaiyuan and Sui, Lingzhi and Qiu, Jiantao and Yu, Jincheng and Wang, Junbin and Yao, Song and Han, Song and Wang, Yu and Yang, Huazhong},
	journal={IEEE transactions on computer-aided design of integrated circuits and systems},
	volume={37},
	number={1},
	pages={35--47},
	year={2017},
	publisher={IEEE}
}

@book{goodfellow2016deep,
	title={Deep learning},
	author={Goodfellow, Ian and Bengio, Yoshua and Courville, Aaron},
	year={2016},
	publisher={MIT press}
}

@inproceedings{venkataramani2015approximate,
	title={Approximate computing and the quest for computing efficiency},
	author={Venkataramani, Swagath and Chakradhar, Srimat T and Roy, Kaushik and Raghunathan, Anand},
	booktitle={2015 52nd ACM/EDAC/IEEE Design Automation Conference (DAC)},
	pages={1--6},
	year={2015},
	organization={IEEE}
}

@article{hrica2012floating,
	title={Floating-point design with vivado HLS},
	author={Hrica, James},
	journal={Xilinx Application Note},
	year={2012}
}

@article{park2009dynamic,
	title={Dynamic bit-width adaptation in DCT: An approach to trade off image quality and computation energy},
	author={Park, Jongsun and Choi, Jung Hwan and Roy, Kaushik},
	journal={IEEE transactions on very large scale integration (VLSI) systems},
	volume={18},
	number={5},
	pages={787--793},
	year={2009},
	publisher={IEEE}
}

@article{mittal2016survey,
	title={A survey of techniques for approximate computing},
	author={Mittal, Sparsh},
	journal={ACM Computing Surveys (CSUR)},
	volume={48},
	number={4},
	pages={1--33},
	year={2016},
	publisher={ACM New York, NY, USA}
}

@techreport{xilinx2015zynq,
	title={Zynq-7000 all programmable SoC: Technical reference manual},
	author={Xilinx, U},
	year={2015},
	institution={Tech. Rep}
}
%%%%%%%%%%%%%%%%%%%%%%%%%%%%%%%%%%%%%%%%%%%%%%%%%%%%%%%%%%%%%%%%%%%%%%%%%%%%%%%%%%%%%%%%%%%%%%%%%%%%

@inproceedings{chippa2013analysis,
	title={Analysis and characterization of inherent application resilience for approximate computing},
	author={Chippa, Vinay K and Chakradhar, Srimat T and Roy, Kaushik and Raghunathan, Anand},
	booktitle={Proceedings of the 50th Annual Design Automation Conference},
	pages={1--9},
	year={2013}
}

@inproceedings{venkataramani2015approximate,
	title={Approximate computing and the quest for computing efficiency},
	author={Venkataramani, Swagath and Chakradhar, Srimat T and Roy, Kaushik and Raghunathan, Anand},
	booktitle={2015 52nd ACM/EDAC/IEEE Design Automation Conference (DAC)},
	pages={1--6},
	year={2015},
	organization={IEEE}
}

@article{xu2015approximate,
	title={Approximate computing: A survey},
	author={Xu, Qiang and Mytkowicz, Todd and Kim, Nam Sung},
	journal={IEEE Design \& Test},
	volume={33},
	number={1},
	pages={8--22},
	year={2015},
	publisher={IEEE}
}

@ARTICLE{yn2022cnnsensor,
	author={Nevarez, Yarib and Beering, Andreas and Najafi, Amir and Najafi, Ardalan and Yu, Wanli and Chen, Yizhi and Krieger, Karl-Ludwig and Garcia-Ortiz, Alberto},
	journal={IEEE Access}, 
	title={CNN Sensor Analytics With Hybrid-Float6 Quantization on Low-Power Embedded FPGAs}, 
	year={2023},
	volume={11},
	number={},
	pages={4852-4868},
	doi={10.1109/ACCESS.2023.3235866}
}
